4159 5809
435 258 757 353 sacurtuurt
793 270 1141 352 narrantur
1170 272 1383 353 caan..
1471 300 1502 363 ι,

266 375 355 477 Qia
380 375 485 479 igitur
498 376 590 451 stella
607 380 691 451 duce
704 378 752 449 ufi
768 374 842 450 sunt
858 430 869 463 ,
898 380 935 447 δε
956 375 1206 455 honoriacensi
1228 380 1382 451 videntur
1418 379 1494 452 Ma-

257 478 295 579 gi
308 474 442 563 voc’ari,
477 475 554 549 hine
572 474 678 549 veritls
692 474 757 561 eli,
780 500 848 547 non
861 470 952 545 luille
977 500 1017 547 ert
1035 471 1154 547 infami
1179 474 1239 547 illo
1265 476 1493 551 maleficorum

260 600 392 676 genere,
409 599 446 646 ut
459 574 612 647 videntur
623 572 759 644 voluille
773 573 932 671 quidam:
958 568 1035 658 sed,
1055 598 1091 646 ut
1106 574 1244 649 Hieron.
1255 572 1322 675 sup.
1335 574 1397 649 sua
1409 602 1493 678 gen-⁴

264 673 306 747 tis
327 671 537 774 philosophia
547 670 756 771 maximique
774 669 953 770 astrologiae
972 670 1088 743 dediti.

306 775 402 847 Unde
411 796 521 843 autem
540 771 689 843 venerint
704 796 824 872 magna
837 768 1029 869 disceptatio
1039 768 1319 870 elevatrgelium
1330 772 1411 845 dicit
1431 788 1492 847 ve·'

259 868 337 943 nille
351 894 389 941 ex
407 872 547 940 Oriente.
571 870 659 941 Hinc
685 891 755 942 tota
780 874 965 941 Graecorum
981 866 1090 940 schola
1113 922 1124 953 ‚
1155 868 1312 941 Clemens
1328 874 1490 947 Alexand.

258 968 317 1041 lib.
336 970 524 1041 r.Srromat.
546 966 679 1049 Basilius
692 970 796 1041 Hom.
821 971 874 1039 De
899 968 1044 1039 humana
1062 965 1185 1038 Christi
1212 991 1356 1078 generat.
1379 962 1494 1068 ‘Chry-

256 1064 328 1139 solb
354 1070 391 1137 δι
407 1054 549 1165 Tbeoplr
576 1066 680 1138 ladius
705 1064 759 1138 hic
776 1095 790 1155 ¹,
822 1064 1040 1165 Cyrilluslib.
1058 1089 1091 1151 4.
1113 1068 1149 1137 in
1163 1065 1308 1153 Isaram,
1332 1071 1369 1140 ὅ(
1396 1068 1455 1137 alii
1478 1124 1491 1157 ,

255 1163 401 1236 sentiunt
419 1192 458 1237 ex
475 1168 535 1237 Pet
548 1166 602 1235 rde
621 1163 762 1254 venill'e3
780 1165 899 1264 quibus
915 1164 1002 1237 iavet
1022 1188 1146 1237 nomen
1158 1162 1278 1264 Magi,
1302 1166 1393 1262 quod
1414 1168 1492 1239 Per·

253 1261 296 1334 srs
317 1264 486 1364 proprium
513 1320 525 1351 ,
548 1268 585 1333 &
607 1265 726 1334 modus
745 1263 905 1335 adorandi
928 1287 1004 1335 cum
1021 1261 1213 1335 muneribus
1235 1289 1244 1329 r
1268 1262 1364 1335 valde
1377 1286 1490 1335 autem

252 1384 415 1464 repugnat
430 1364 571 1464 regionis
596 1360 746 1434 distantia
760 1364 802 1433 ad
824 1382 967 1434 trecenta
991 1362 1117 1441 circiter
1139 1360 1326 1448 milliaria,
1347 1366 1383 1431 dc
1403 1382 1489 1433 tem-

252 1462 340 1559 poris
362 1460 514 1534 brevitas.
552 1460 641 1531 Hinc
672 1460 730 1530 alii
756 1458 961 1533 verifimilius
988 1463 1123 1533 tradunt
1143 1485 1181 1530 ex
1202 1457 1322 1530 Arabia
1343 1458 1489 1548 venile,

253 1558 738 1659 Justin.contraTripbonem,
758 1559 900 1633 Tertull.
918 1582 1031 1632 contra
1048 1560 1186 1655 Judaeos.
1207 1582 1235 1629 c.
1259 1583 1291 1646 9.
1310 1561 1347 1627 dt
1371 1557 1486 1671 Epiph.

253 1660 290 1726 in
311 1657 461 1728 dodlrina
475 1657 741 1757 compendiaria:
759 1659 840 1756 quid
870 1659 925 1730 uid
945 1656 1050 1730 rideat
1064 1657 1117 1729 hic
1131 1656 1290 1727 Calvinus
1303 1710 1315 1742 ,
1333 1656 1392 1754 qui
1404 1657 1488 1727 dreit

253 1780 307 1827 eos
326 1780 365 1826 ex
376 1757 547 1827 occidente
564 1762 600 1826 &
612 1757 749 1828 meridie
763 1685 868 1827 iecisse
881 1758 1052 1829 orientem·
1069 1761 1160 1829 Nam
1168 1755 1305 1827 Tacitus
1313 1754 1485 1826 &Choro-

251 1854 366 1965 praphi
382 1852 499 1953 palstm
515 1856 691 1928 statuerunt
705 1856 852 1951 judeam
867 1856 912 1925 ab
925 1858 1066 1952 Oriente
1076 1854 1130 1926 res
1147 1858 1230 1925 icere
1253 1851 1409 1923 Arabiam
1425 1859 1485 1924 :dc

251 1954 412 2051 Scrrptura
442 1953 531 2024 restis
552 1953 595 2023 est
618 1950 734 2025 Genes.
755 1976 797 2041 25.
814 1953 982 2024 Abraham
1004 1880 1156 2051 sepanlie
1173 1951 1261 2023 filios
1285 1950 1484 2024 concubina·

250 2074 322 2121 runr
344 2052 386 2120 ad
400 2052 532 2161 plagam
554 2050 749 2123 orientalem
771 2105 782 2138 ‚
805 2055 862 2149 qui
882 2073 995 2125 tamen
1007 2052 1044 2131 in,
1060 2050 1182 2122 Arabia
1195 2048 1395 2121 habitarunt.
1408 2053 1484 2122 Nec

250 2148 392 2221 multtlm
414 2149 563 2220 abretuna
575 2150 616 2220 ab
634 2150 693 2221 hac
712 2148 889 2234 sententia,
916 2149 975 2247 qui
988 2174 1027 2220 ex
1041 2148 1199 2220 Chaldaea
1219 2145 1338 2219 venille
1352 2147 1479 2221 volunt.

248 2248 340 2319 Moti
353 2248 425 2319 sunt
437 2248 555 2346 partim
577 2248 641 2319 loci
688 2251 921 2345 ropinquitate,
934 2253 971 2317 dc
982 2246 1171 2319 muneribus
1182 2245 1251 2317 illis
1261 2246 1356 2317 thure
1369 2301 1381 2333 ,
1392 2270 1485 2345 myt⁴

100 2336 105 2343 ’
250 2346 311 2413 tha
328 2350 364 2415 δι
384 2370 462 2417 auto
473 2401 485 2434 ‚
509 2345 626 2445 quibus
646 2273 792 2419 ainndar
807 2344 952 2432 Arabia,
978 2346 1100 2445 partim
1120 2345 1196 2416 loco
1219 2339 1363 2415 Psalmi:
1383 2346 1484 2441 Reges

249 2439 400 2513 Arabum
426 2442 463 2515 ci*
481 2442 568 2514 Saba
592 2441 672 2513 duna
687 2443 854 2523 adducent.
880 2443 947 2517 Ubi
966 2448 1077 2545 Reges
1089 2442 1235 2513 Arabum
1249 2440 1403 2512 videntur
1425 2440 1480 2512 in·

248 2538 356 2613 dicare
369 2546 544 2629 orientem,
569 2539 682 2614 Insula
692 2541 920 2628 occidentem,
936 2545 1106 2642 AEthropes
1119 2540 1317 2628 meridiem,
1345 2538 1489 2612 Tharfis·

248 2634 510 2737 septentrionem.
532 2648 577 2714 Er
592 2668 660 2741 quo
674 2644 792 2715 eodem
804 2641 878 2713 loco
892 2640 1021 2715 videtur
1033 2638 1176 2713 mauasse
1189 2638 1378 2711 communis
1390 2638 1481 2711 mul·
1575 2718 1580 2727 ‚

249 2757 355 2809 torum
371 2743 504 2812 Parrum
522 2736 707 2827 sententia,
729 2739 821 2839 quod
844 2744 976 2845 Reges,
995 2740 1059 2811 hoc
1083 2738 1127 2809 est
1143 2738 1271 2850 'Reguli
1297 2733 1349 2807 seu
1363 2736 1481 2834 princi·

245 2860 326 2933 pes,
351 2840 566 2915 &Primores
586 2839 692 2941 gentis
717 2837 776 2910 suae
798 2836 928 2913 fuerint.
950 2844 1001 2911 lta
1027 2837 1117 2909 enim
1133 2835 1276 2932 sentrurrt
1295 2834 1475 2933 Theophil.

247 2932 338 3007 basil.
366 2937 444 3010 locis
466 2940 520 3009 cit.
552 2944 588 3009 δι
608 2940 667 3010 alii
692 2935 881 3037 posteriores
898 2937 1007 3009 multi
1030 2937 1110 3045 Qb
1134 2934 1258 3005 faciunt
1277 2930 1417 3004 thesauri
1437 2938 1476 3004 dc

247 3032 397 3105 adoratio
413 3038 490 3108 novi
517 3039 648 3139 Regis,
672 3034 760 3133 quali
782 3036 906 3136 legatio
926 3037 970 3108 ad
993 3036 1126 3135 ipsum5
1149 3036 1215 3105 haec
1231 3029 1474 3125 mhn‘Prineiff
1579 3112 1584 3121 ⁶

242 3128 330 3229 pum‘
340 3133 465 3205 tannim
482 3130 674 3210 ess'esolenr..
1266 3220 1273 3226 ‚
1609 3204 1617 3223 ,
1760 3207 1766 3216 ,

283 3252 310 3301 a
322 3236 388 3303 Uer
405 3256 463 3305 aar
478 3260 534 3323 σει
550 3256 731 3308 narmtsr
745 3234 821 3305 Rex
834 3232 1037 3313 Juutronurr
1050 3252 1061 3305 r
1075 3232 1111 3304 id
1123 3227 1238 3329 estqui
1250 3224 1472 3300 nonfasbitins
1487 3220 1554 3347 'Usi'
1575 3208 1714 3345 ἕψω
1729 3229 1740 3267 ²

243 3349 282 3399 ex
296 3326 467 3402 hominum
485 3332 670 3419 delirium,
690 3328 745 3400 sed
759 3331 931 3401 nativitate
942 3330 1009 3429 ipsi
1026 3336 1102 3404 Rex
1116 3328 1171 3401 est.
1184 3334 1237 3399 lta
1249 3326 1358 3398 multi
1383 3323 1472 3396 Sim·
1488 3383 1532 3424 tus
1551 3306 1594 3426 eir
1618 3309 1671 3422 ἓξ
1687 3306 1744 3437 ζ

172 3458 177 3463 ’
242 3424 587 3522 plicirlsvideturrnbi
603 3431 646 3503 est
679 3428 739 3501 ille
759 3427 988 3503 celeberrimus
1007 3433 1098 3504 &ex
1121 3426 1284 3500 vaticiniis
1314 3422 1641 3519 craspeile-rarorum
1669 3438 1743 3499 virli·

244 3544 294 3593 tus
317 3524 449 3600 Meffias
474 3532 548 3602 Rex
571 3537 632 3623 (ut
647 3546 738 3631 patet
758 3549 798 3597 ex
813 3554 844 3601 v.
861 3551 895 3614 4·
910 3534 922 3623 )
937 3526 995 3641 qui
1005 3530 1075 3623 jam
1087 3550 1182 3597 natus
1196 3525 1239 3595 est
1254 3542 1265 3595 r
1285 3524 1368 3595 Non
1381 3521 1470 3631 enim
1486 3536 1548 3583 mus
1575 3519 1651 3611 enim
1669 3517 1742 3576 liel-
1764 3621 1766 3628 Ι

240 3643 277 3691 ut
291 3622 406 3711 dubii,
428 3624 483 3698 sed
508 3628 551 3697 de
564 3653 597 3699 re
611 3652 698 3701 certa
712 3625 893 3724 loquuntur
906 3654 914 3695 :
942 3650 1049 3726 neque
1060 3698 1064 3712 ,
1075 3625 1226 3727 ignarum
1238 3624 1303 3694 hoc
1317 3641 1470 3694 nanuum
1485 3599 1742 3740 333⁰?ssss

239 3718 312 3789 fote
326 3716 575 3821 suspicabantur.
732 3796 736 3803 .
1487 3776 1551 3818 mus
1580 3713 1699 3819 idorare‘
1738 3740 1741 3743 ⁴

278 3817 421 3892 Causam
442 3841 552 3893 autern
570 3824 628 3897 suae
647 3821 784 3903 scientia
813 3824 982 3897 indicante
1009 3830 1167 3897 Vrurrtus
1194 3845 1285 3893 ararat
1308 3837 1471 3895 arratam
1487 3851 1565 3899 eurr.

239 3920 336 4005 aius,
358 3920 421 3989 lroc
440 3919 483 3992 eil
498 3944 623 3996 cerrum
637 3924 781 3997 indicem
799 3923 980 3997 nativitatis
991 3928 1069 4015 ejus.
1087 3920 1320 4020 Crlmtergbex
1349 3944 1387 3990 ea
1401 3920 1485 4011 jam·

245 4034 352 4087 natum
371 4015 433 4090 elle
449 4020 632 4122 colligant,
650 4022 737 4094 certe
761 4048 827 4095 non
845 4022 1017 4119 appatuit,
1043 4019 1100 4096 nii
1117 4015 1304 4118 ipso'rratali
1323 4014 1468 4109 'eiusdie

243 4108 390 4214 Cumque
402 4142 472 4189 non
497 4120 631 4215 dicant,
657 4119 804 4191 Vadimus
821 4118 943 4211 stellam
962 4118 1132 4213 quamdam
1143 4136 1284 4202 novata,
1307 4118 1372 4186 dcc.
1387 4113 1467 4200 sed,

245 4207 399 4281 Vidium⁴
416 4216 540 4307 stellam
559 4227 648 4307 ejus,
670 4218 837 4319 colligitur
864 4242 919 4289 eos
943 4218 1038 4316 loqui
1064 4220 1106 4288 de
1122 4214 1205 4288 alito
1224 4213 1338 4313 aliquo
1358 4232 1467 4301 noto,

238 4308 335 4402 quod
360 4316 546 4413 etantiqua
573 4316 750 4390 traditione
769 4315 901 4414 Judaici
921 4317 1024 4419 Regis
1047 4312 1201 4387 nascituri
1216 4315 1269 4384 vel
1298 4310 1368 4384 nati
1390 4310 1467 4383 ellet

238 4400 493 4503 magnetrude
511 4412 620 4484 omer
636 4410 921 4515 fignificanrlllrme
932 4416 976 4487 est
989 4420 1049 4486 ἰιωῒι
1063 4413 1108 4487 riv
1124 4415 1239 4498 itia,
1256 4403 1467 4503 isludasttum

210 4510 331 4594 ,eiust
354 4511 448 4603 quod
464 4511 589 4582 videtur
609 4508 784 4611 supponere
808 4568 819 4599 ‚
847 4532 914 4607 'non
934 4510 994 4585 esse
1017 4514 1162 4610 Judaeisi
1187 4531 1304 4581 notum
1327 4562 1340 4593 ,
1372 4506 1465 4599 quod

235 4596 295 4681 fibi
311 4604 526 4708 innotuerat.
560 4616 677 4707 ltaque
701 4612 820 4685 merirb
849 4612 994 4712 plerique
1016 4635 1141 4685 veteres
1163 4540 1327 4681 senserunt
1350 4655 1362 4685 ,
1407 4624 1465 4672 eor
1598 4620 1604 4627 ·

234 4692 326 4768 inille
347 4702 521 4779 instrueres
541 4732 578 4781 ex
598 4711 769 4807 prophetia
788 4712 921 4783 balaam
936 4716 1034 4811 ‚qua
1048 4736 1115 4782 non
1134 4705 1240 4777 soltlm
1265 4702 1300 4771 in
1328 4699 1439 4801 Judaea
1450 4754 1464 4787 ,

233 4791 289 4865 sed
306 4800 340 4867 in
356 4804 484 4879 oriente
501 4859 511 4891 ,
542 4809 630 4877 unde
649 4810 660 4877 i
684 4804 714 4876 se
728 4808 882 4881 oriundus
905 4830 998 4895 erat,
1020 4807 1196 4878 traditione
1210 4797 1463 4899 percrebuerat,

235 4892 329 4979 irnb,
356 4924 393 4968 ut
413 4904 511 5002 Orig.
532 4906 632 4973 etiam
655 4832 774 5001 siripro
790 4904 908 5001 abipso
929 4908 1047 4973 tradita
1061 4900 1250 4998 perseuerat.
1269 4896 1465 4969 Praedixerat

229 4992 323 5075 §him
337 4998 508 5091 Numae
531 5026 562 5075 v.
579 5026 624 5091 ιχ.
643 5000 871 5092 Oricturslella
900 5024 940 5071 ax
951 4994 1065 5107 Jews!
1081 5005 1146 5107 &e
1172 5006 1238 5173 ltaB.
1248 5001 1345 5113 docet
1366 4993 1463 5103 Otigt

1261 5118 1298 5201 ιιι
