4159 5809
451 271 793 350 SECUNDUM
821 267 1085 350 MARCUM.
1122 265 1238 344 cal‘.
1282 267 1375 345 XVI.
1454 272 1514 364 '395

92 455 94 461 ,
280 371 491 465 ejiciendum,
515 383 576 444 hoc
592 377 720 445 videtur
732 373 900 470 postulate.
937 365 1099 468 Expreffit
1130 365 1193 436 hoc
1220 369 1422 470 Evangelista
1444 397 1512 446 noo

192 493 194 498 ·
234 486 243 502 ·
281 465 643 560 distinuionis'causa,
691 466 755 542 uati
774 470 929 548 fitisset&
953 469 1018 538 alia
1029 464 1137 536 Maria
1155 468 1377 565 Magdalena,
1398 466 1452 541 sed
1474 495 1511 544 ut

286 569 332 640 ita
345 590 469 664 pareret
497 569 544 641 ibi
567 497 834 671 superilundaffe
854 570 1022 670 gratiam,
1049 564 1104 635 ubi
1127 587 1297 662 peccatum
1319 565 1508 641 abundave-

275 686 355 748 rat,
385 670 422 734 dc
447 688 482 738 ut
505 664 596 740 sexus
625 669 799 741 fcemineus
827 667 935 767 primii
967 667 1093 740 videret
1118 665 1221 735 vitam
1235 717 1247 750 ,
1269 689 1339 763 quae
1360 686 1506 761 mortem

279 761 390 860 ptimb
403 763 590 864 gustaverat.
941 811 942 816 κ

320 881 366 930 12.
389 863 476 932 Post
505 885 604 950 trac,
628 864 743 937 eidem
766 864 921 939 uidelicet
945 861 1001 932 die
1016 859 1074 935 sub
1101 859 1270 960 uespera,
1303 885 1434 938 nunnus
1460 889 1506 937 ιι
1553 923 1586 969 η
1621 911 1690 975 Post
1714 921 1757 982 hx

273 978 349 1028 aris.
377 960 516 1031 Nomen
550 962 684 1035 alterius
709 961 857 1062 expteffit
880 967 982 1034 Lucas
997 985 1068 1059 cap.
1084 983 1135 1046 24.
1148 961 1298 1030 vocando
1310 986 1386 1032 eum
1400 961 1505 1036 Cleo·
1521 954 1616 1047 autem
1628 990 1739 1056 duobus
1758 936 1774 980 ⁰

275 1053 378 1151 phas3
406 1081 483 1131 uam
511 1056 631 1146 abillo
657 1060 754 1131 laticis
768 1060 824 1130 ista
839 1061 968 1132 historia
982 1080 1150 1130 narratur:
1172 1061 1355 1130 Osreusut
1379 1087 1440 1132 aar
1469 1089 1505 1135 ru
1521 1065 1613 1157 erbis
1626 1074 1773 1136 ambulan-

271 1169 367 1222 attA
392 1177 555 1243 tartara,
581 1181 647 1228 non
674 1157 785 1228 reveri
799 1155 889 1245 alia,
918 1155 972 1226 sed
992 1180 1088 1254 prout
1108 1156 1182 1253 ipsrs
1209 1155 1391 1230 videbatur.
1422 1158 1500 1230 Effi·
1520 1144 1598 1238 ubqs
1619 1149 1770 1252 ostensus!

269 1254 342 1349 gies
365 1252 454 1320 enim
474 1253 729 1352 sempermansrt
756 1259 890 1337 eadem,
909 1252 965 1325 sed
990 1277 1059 1324 non
1073 1248 1247 1323 secundum
1270 1277 1382 1325 omnes
1407 1259 1498 1328 colo·
1516 1221 1608 1360 ‘sitem
1630 1227 1684 1361 {¹5²
1702 1231 1768 1369 ἕξ·
1795 1253 1798 1258 ’

272 1369 321 1416 res
334 1397 345 1430 ‚
370 1343 529 1447 figuram,
555 1352 779 1437 lineamenta,
803 1352 939 1452 gellus,
978 1347 1122 1450 ali'asque
1147 1353 1295 1450 corporis
1342 1357 1499 1452 roptiera-
1513 1318 1713 1452 {meidii
1735 1331 1766 1370 Μ

266 1463 345 1548 fes,
367 1447 480 1521 oculos
503 1451 690 1522 videntium
713 1451 934 1538 immutabat,
961 1473 1067 1548 neque
1092 1448 1187 1546 pleni
1210 1375 1499 1546 repraesintabatut

262 1545 337 1630 seis,
359 1545 395 1610 ὅτ
408 1544 529 1617 idcirco
549 1546 720 1620 videbatur
734 1549 809 1620 alia.
831 1550 924 1620 Idem
948 1547 1106 1638 iudicium
1128 1549 1172 1616 de
1192 1571 1283 1620 voce.
1320 1551 1418 1621 Unde
1429 1555 1497 1624 Lu-

266 1659 320 1708 cas
343 1663 494 1715 notanter
515 1647 617 1731 dicit,
640 1643 726 1742 qnid
747 1670 850 1718 eorum
868 1645 948 1735 oculi
971 1641 1178 1730 tenebantur,
1202 1671 1240 1714 ne
1262 1671 1331 1716 eum
1350 1654 1495 1747 agnosce-

265 1759 345 1812 rent.
381 1741 462 1811 Non
483 1747 572 1814 enirn
597 1744 717 1829 aliter,
747 1743 847 1843 quim
877 1767 967 1828 erat,
994 1737 1050 1813 sed
1068 1739 1148 1812 ficut
1159 1765 1247 1826 erat,
1270 1749 1418 1839 apparuit
1431 1746 1490 1834 eis,

262 1859 407 1932 quorum
434 1842 522 1910 oculi
549 1841 771 1928 tenebantur,
798 1866 816 1909 a
841 1838 1009 1910 noscerent
1043 1864 1143 1928 eum,
1169 1840 1276 1936 inquit
1303 1841 1435 1942 August.
1462 1867 1489 1940 5,

234 1961 237 1969 ’
261 1933 304 2000 de
326 1930 482 2008 consensu
505 1965 533 2012 c.
546 1870 924 2037 ancujusmodialiquid
944 1936 997 2009 vel
1018 1937 1163 2037 caligine
1184 1937 1238 2008 vel
1253 1936 1393 2009 humore
1403 1965 1488 2012 ocu·

259 2031 300 2100 lis
325 2031 429 2106 offuso
453 2035 538 2133 polle
563 2037 688 2107 ibidem
710 2037 814 2108 docet
839 2041 1014 2108 Euurrsus
1035 2060 1075 2106 tta
1099 2055 1258 2108 sutura:
1284 2061 1408 2110 nomen
1429 2064 1486 2118 ex,-

256 2129 369 2224 preslit
393 2135 492 2204 lucas
534 2139 681 2220 Emaus,
707 2135 798 2233 quod
819 2158 887 2204 non
901 2125 1002 2218 villa‘,
1019 2127 1371 2233 sedpagusvocabar'ut.
1400 2137 1482 2211 Vil-

257 2225 328 2296 lam
363 2255 471 2301 autem
506 2229 597 2304 fuisse
632 2231 818 2332 Cleophae,
856 2233 956 2307 tradit
987 2231 1130 2302 Hieron
1168 2229 1344 2328 Epitaphio
1374 2234 1480 2307 Paula

253 2324 352 2422 Epist.
375 2354 424 2414 27.

293 2447 334 2510 η.
363 2429 411 2497 Ετ
438 2450 504 2497 tarr
527 2451 654 2499 ruutns
680 2447 956 2500 uuurravrnuur
988 2451 1157 2500 catanis.
1202 2425 1281 2528 Qu
1304 2427 1400 2498 taciti
1429 2430 1480 2503 in·
1526 2461 1569 2519 ¹3·
1599 2450 1636 2510 a,
1655 2453 1702 2513 illi

254 2519 471 2623 'telligendum
494 2527 673 2623 relinquit,
701 2551 756 2596 eos
777 2524 905 2598 Christi
928 2525 1073 2628 effigiem
1089 2524 1279 2626 agnovisse,
1303 2523 1385 2599 ficut
1415 2527 1745 2622 hoctuntesnuntiave·

252 2620 352 2692 Lucas
375 2643 509 2694 narrat:
532 2647 601 2694 ure
630 2647 715 2695 rttrs
736 2645 1017 2712 cnanrnartuur,
1046 2648 1121 2693 nem
1145 2622 1283 2721 ealiqni
1303 2617 1742 2745 exeis,ut·¹1¹¹¹}²²‘³‘d‘.3³¹l⁰⁶

250 2736 343 2790 notat
365 2719 534 2817 Augustin.
553 2723 628 2790 loco
650 2723 738 2793 citat.
760 2723 851 2792 Nam
872 2719 955 2790 alios
974 2649 1228 2792 credidillisatis
1242 2719 1410 2821 colligitur
1432 2697 1500 2796 ex¹
1537 2699 1608 2742 ἐκ
1629 2706 1641 2745 ¹
1662 2707 1738 2748 ω’

249 2815 335 2887 Luca
357 2839 425 2916 cap.
451 2839 502 2901 24.
523 2817 616 2891 versu
638 2841 685 2904 34·
702 2824 737 2888 δι
754 2839 792 2905 35.
811 2818 996 2889 lienteriam
1008 2818 1180 2917 Augustin.
1195 2814 1353 2890 observat.
1375 2821 1469 2892 Cau·
1535 2843 1543 2862 ·

246 2909 282 2982 sa
316 2939 384 2986 non
396 2916 550 2985 credendi
575 2917 703 2987 videtur
719 2911 808 2985 fuisse
830 2915 875 2988 rei
901 2914 1100 2998 insolentia,
1115 2919 1152 2984 dc
1181 2915 1305 3000 timor,
1333 2939 1376 2985 ne
1395 2941 1465 2988 nou
1515 2931 1519 2938 ’

240 3007 322 3083 esset
341 3037 475 3097 vetum,
511 3015 602 3112 quod
619 3008 759 3083 maximi
793 3035 907 3085 vetum
931 3010 992 3081 elle
1009 3008 1242 3082 desiderabant.

280 3131 328 3194 14·
358 3111 557 3182 Novissima
577 3131 867 3182 nacuuuauttaus
895 3133 983 3180 trus
1009 3131 1175 3180 uuarcrtr
1209 3127 1405 3183 arrnnurr.
1431 3111 1463 3181 S.
1518 3146 1569 3200 ¹4·
1598 3134 1735 3195 Novtffi.

240 3207 381 3307 Gregot.
405 3213 440 3278 in
458 3209 611 3308 Evangel.
641 3231 735 3311 putat
770 3209 854 3278 hanc
885 3210 1040 3280 ultimam
1079 3205 1169 3276 suillo
1195 3209 1443 3304 apparitionem
1456 3208 1738 3303 ‚mdr‘ecumbeuti-¹

266 3305 377 3374 uando
397 3305 540 3378 ascendit
563 3310 598 3377 in
613 3307 761 3388 coelum,
783 3307 873 3405 quod
888 3309 924 3376 dc
948 3307 979 3375 S.
1000 3303 1199 3405 Augustlib.
1214 3326 1239 3390 3.
1257 3307 1309 3376 De
1326 3305 1462 3376 consen·
1480 3289 1532 3382 ¹³9⁵
1554 3290 1614 3350 ιη’*
1639 3291 1733 3350 ³⁰³⁶·

236 3325 275 3469 su
307 3425 336 3475 c.
351 3425 394 3491 25·
420 3403 589 3502 probabile
607 3423 709 3502 putat.
733 3407 851 3476 Movet
882 3427 936 3475 eos
965 3426 1049 3489 vox,
1081 3399 1264 3492 naviffimi:
1288 3398 1343 3472 sed
1361 3404 1462 3504 longi
1477 3379 1729 3522 ξζᾞῐᾞὲᾙξῃα

236 3501 360 3570 ueritus
382 3501 445 3589 est,
469 3505 619 3574 Marcum
634 3505 787 3573 eamdem
811 3499 1048 3599 apparitionem
1078 3523 1241 3584 narrare,
1274 3525 1373 3599 quam
1397 3506 1461 3574 Lu·
1475 3523 1729 3585 credulitatemeo-

238 3617 291 3666 cas
314 3621 383 3696 cap.
398 3599 553 3686 24.versu
568 3609 617 3696 36.
644 3606 680 3668 dc
708 3605 803 3696 Joan.
828 3623 896 3697 cap.
912 3622 964 3669 20.
989 3593 1080 3670 versu
1105 3625 1155 3689 ¹9·
1175 3601 1212 3668 dc
1237 3597 1327 3696 seqq.
1357 3603 1405 3672 ita
1423 3623 1460 3672 ut
1475 3608 1594 3694 ΠΜ(
1614 3603 1725 3695 duriti}

240 3692 308 3764 bac
319 3693 416 3769 suerit
434 3700 597 3797 apparitio
625 3722 693 3783 non
712 3697 858 3770 absoluti
876 3694 1074 3783 novissima,
1097 3677 1725 3817 sednouillimaprimae“'l‘hid’‘1¹¹¹³¹¹¹.⁸
1841 3696 1846 3706 ⁸

235 3798 274 3861 ut
301 3792 345 3862 est
363 3794 456 3868 versu
478 3829 512 3885 9.
544 3798 585 3865 ad
605 3819 705 3893 quem
737 3794 898 3896 respicit,
939 3797 1002 3865 hoc
1030 3793 1074 3863 est
1103 3795 1170 3864 diei
1200 3775 1723 3900 resurrectionis.ffifilffijss

233 3889 325 3961 Narn
348 3895 383 3964 in
407 3895 467 3963 hac
486 3893 600 3994 primis
617 3903 803 3991 apparuerat
828 3894 939 3966 Mariae
963 3891 1169 3991 Magdalenae
1192 3891 1274 3980 soli,
1313 3892 1455 3967 secundb
1469 3913 1662 3976 crediderunt,

230 3989 343 4058 eidem
360 4015 435 4062 curn
457 3992 574 4062 caetetis
604 3991 816 4076 mulieribus,
835 3990 933 4060 testib
956 3989 1112 4069 Simoni,
1131 3989 1249 4086 quattb
1264 3989 1393 4062 duobus
1407 3995 1451 4064 il·

231 4085 272 4154 lis
295 4084 461 4186 discipulis
484 4088 632 4160 euntibus
669 4093 704 4160 in
722 4093 839 4159 limaiis
862 4139 873 4172 ,
901 4085 1019 4185 quinti>
1041 4087 1192 4157 undecim
1212 4085 1452 4161 discumbenti·

228 4181 317 4271 bus,
356 4188 398 4256 de
419 4214 482 4287 qua
499 4187 552 4260 bic
575 4192 703 4287 agitur,
728 4187 862 4284 &apud
882 4189 1005 4256 Lucam
1028 4183 1102 4254 loco
1122 4187 1178 4256 cit.
1201 4183 1312 4274 Quam
1325 4183 1461 4260 sentem.

227 4282 312 4352 tiam
328 4287 475 4356 tradit&
491 4285 630 4384 explicat
655 4289 756 4358 etiam
779 4283 910 4385 August.
927 4284 1002 4354 loco
1027 4283 1083 4353 cit.
1101 4286 1217 4382 ltaque
1238 4309 1323 4386 pro,
1348 4288 1452 4381 navist

223 4375 302 4466 fimi
317 4435 327 4463 ,
345 4384 457 4454 Graecd
469 4385 512 4455 est
526 4393 627 4470 loys,
653 4383 781 4453 tandem
796 4381 848 4454 seu
864 4381 988 4479 possea:
1011 4380 1449 4482 quostgnificatuthoecon-

223 4475 357 4574 tigilla,
378 4482 546 4580 postquam
568 4474 759 4581 apparuisset
777 4479 889 4550 Maria
912 4478 1143 4581 Magdalena,
1163 4484 1199 4549 dt
1225 4480 1291 4552 illis
1317 4479 1447 4550 duobus

227 4571 421 4674 discipulis,
449 4603 590 4679 quorum
611 4579 733 4650 neutris
765 4579 984 4650 crediderant.
1024 4579 1079 4650 Rs
1095 4601 1145 4646 cu
1158 4600 1217 4645 atu
1232 4603 1282 4649 au
1296 4603 1344 4650 τι
1362 4603 1381 4646 a
1398 4602 1447 4646 us

226 4695 392 4756 ratis,
415 4677 450 4748 id
486 4675 706 4756 est,]nensae
739 4673 1007 4747 accumbentibus
1048 4669 1102 4744 seu
1124 4672 1353 4760 conantibus,
1379 4676 1445 4745 ini·

221 4772 272 4837 tio
295 4767 419 4844 scilicet
443 4775 575 4860 noetis,
597 4773 653 4846 sub
676 4773 774 4843 finem
789 4799 907 4860 coenae,
935 4777 1014 4845 dum
1040 4774 1124 4844 inter
1147 4769 1178 4845 se
1202 4769 1442 4861 fabularentur,

221 4868 316 4937 Luca
330 4893 380 4958 24.
410 4871 502 4944 versu
528 4879 576 4959 36.
607 4875 774 4944 uun'tcrtt
794 4891 1001 4944 arrauurr:
1027 4895 1104 4940 narn
1120 4868 1271 4968 quamuis
1291 4869 1444 4944 Thomas

218 4961 367 5072 deesset,
384 4969 503 5042 eodem
527 4994 638 5044 tamen
664 4993 800 5044 numero
824 4966 1012 5071 Apostolica
1028 4967 1443 5140 sociegbrtdrrnqupabatur,

1241 5089 1277 5158 ¹¹l
