4159 5809
334 174 682 259 SECUNDUM
722 172 1111 262 fumifluum,
1150 178 1255 263 cllo.
1293 184 1337 255 V.
1461 203 1478 259 r
1593 192 1606 221 ’

251 282 307 359 sed
321 282 391 385 'ipsa
410 281 443 354 se
458 275 537 357 fecit
558 279 725 353 moecbam
743 328 753 363 ,
777 281 813 347 δε
829 278 971 376 privavit
987 278 1056 363 jure
1077 280 1232 378 conjugii.
1258 284 1300 353 Er
1317 202 1472 378 quamvis
1490 296 1550 355 sarr
1598 291 1749 365 euxerit‘s

251 384 323 455 aiiae
337 380 505 454 nonnulla
524 382 654 477 repudii
668 378 767 445 caula
778 372 858 461 srnr,
873 372 961 445 resti
975 397 1087 447 tamen
1101 377 1246 449 Christus
1259 376 1361 450 l'olam
1380 406 1471 453 exce·
1488 372 1644 472 “dulttlssg

251 484 304 581 pit
323 477 551 553 fornicationis
569 473 720 556 causam,
739 475 818 569 quia
842 472 901 541 illa
915 470 958 539 est
980 478 1113 570 propria
1136 475 1383 565 caula-divortii
1408 477 1472 551 ref-

252 583 352 679 peiiu
370 573 575 651 matrimonii
588 600 597 643 ε
608 575 741 669 telique
752 570 822 639 sunt
836 568 1024 668 generales,
1046 576 1082 637 δι
1096 571 1316 648 Christianum
1329 578 1348 644 al
1359 582 1473 674 quavis

254 682 409 749 societate
427 674 578 745 liberant.
603 671 667 742 llla
692 668 789 740 semel
815 688 994 766 perpetrata
1011 666 1107 737 causa
1133 694 1286 768 perpetua
1312 672 1355 743 est
1375 676 1475 749 etiam

252 775 323 874 poll
336 773 589 872 poenitentiamr
604 778 617 863 (
631 766 668 839 fit
680 770 770 839 enim
793 769 964 864 repudium
988 768 1020 832 in
1033 789 1168 862 poenam
1182 822 1193 854 ,
1207 773 1245 838 δι
1268 794 1337 856 non
1350 772 1480 846 tannim

254 876 291 944 in
314 872 551 943 comestionem
576 869 685 941 uxoris
704 892 713 937 e
729 872 743 957 )
757 864 805 937 bre
827 864 900 937 funt
924 859 1053 935 rantiun
1070 867 1291 963 temporales,
1318 872 1480 966 quamdiu

251 972 384 1043 durant.

288 1072 342 1142 Ετ
367 1090 427 1150 Qu
442 1082 618 1136 orurrssart
636 1085 816 1137 nuxautr·
837 1055 1117 1155 Respondendum
1128 1062 1311 1163 hicputant
1321 1068 1356 1138 id
1368 1072 1481 1169 ,quod

243 1163 431 1263 ¹praecellit,
446 1158 582 1261 excepti
590 1152 811 1245 'fhruieationia
826 1156 941 1227 causi:
962 1157 1051 1255 quast
1084 1160 1166 1249 illa,
1186 1188 1258 1260 quae
1285 1166 1363 1257 julie
1377 1193 1482 1269 prop.

249 1286 300 1333 rer
326 1260 578 1333 fornicationem
600 1252 730 1327 dimilla
757 1254 855 1327 fuerit
871 1307 882 1340 ,
900 1254 998 1354 poffit
1016 1254 1059 1325 ab
1079 1258 1187 1330 ‚altero
1207 1265 1279 1332 viro
1304 1266 1389 1334 duci.
1410 1268 1478 1340 Sed

247 1358 426 1431 absurdum
455 1356 516 1427 hoc
531 1354 573 1424 eil
590 1380 599 1423 ε
614 1352 656 1425 fic
669 1356 759 1425 enirn
783 1356 849 1444 ejus
871 1358 1021 1425 conditio
1038 1353 1112 1425 cilet
1127 1360 1248 1428 melior
1260 1416 1271 1447 ‚
1285 1362 1384 1459 quim
1405 1389 1476 1461 que

243 1456 366 1553 injuste
386 1453 463 1524 effer
486 1449 615 1525 dimissa
648 1457 762 1549 ltaque
776 1452 840 1521 hoc
853 1451 946 1521 nullo
973 1455 1076 1523 modo
1092 1457 1302 1552 repetendum
1319 1459 1362 1529 est
1383 1514 1395 1546 ,
1417 1464 1474 1534 fed

245 1554 447 1666 generaliter
457 1546 617 1621 sensusest
632 1548 719 1649 ·Qi
730 1572 936 1647 quacumque
954 1548 1119 1636 excausa,
1140 1550 1205 1623 stve
1213 1555 1294 1645 justa
1308 1608 1319 1641 ,
1334 1554 1400 1628 five
1420 1561 1472 1631 in·

247 1651 330 1747 posta
347 1650 500 1735 ,duxerit
524 1644 713 1732 dimissam,
730 1668 949 1717 anuaranar
965 1700 976 1734 ,
991 1651 1070 1744 quia
1086 1672 1253 1745 permanet
1271 1678 1351 1723 uxor
1364 1655 1472 1740 illius,

250 1748 311 1846 qui
321 1743 454 1819 dimisit.
470 1744 543 1817 Hic
556 1742 634 1845 etgb
645 1747 718 1843 lege
735 1742 869 1843 perfecit
887 1744 1032 1815 Christus
1049 1768 1213 1819 veterem:
1236 1750 1364 1847 primb,
1406 1754 1472 1825 uod

248 1848 345 1917 omni
364 1866 513 1941 ternpore
532 1846 723 1941 repudium,
742 1866 809 1939 quo
828 1840 891 1911 srve
949 1840 1039 1912 restae
1058 1839 1148 1928 ,srue
1160 1846 1327 1943 permissio
1344 1778 1470 1921 nubtu-

246 1947 286 2015 di
313 1940 406 2015 alteri
427 1942 588 2024 traditur,
612 1935 734 2036 prorsus
755 1939 870 2009 tollat:
889 1868 1030 2010 ffundb
1043 1938 1158 2037 ,qubd
1180 1968 1312 2014 uxorem
1338 1947 1469 2017 adulte·
1560 1987 1563 1994 ‚

248 2065 323 2111 ram
345 2063 411 2112 non
428 2038 536 2107 occidi
561 2036 669 2129 jubeat
687 2088 699 2121 ,
720 2058 755 2107 ut
773 2037 825 2107 lex
852 2057 969 2121 verus,
1000 2034 1053 2107 sed
1079 2036 1206 2108 dimitri
1230 2038 1310 2113 stnat
1325 2069 1333 2111 r
1348 2041 1468 2127 tcrtib,

245 2138 343 2236 qubd
355 2130 500 2207 dimislio
512 2137 720 2233 permittatur
732 2156 798 2203 non
812 2130 957 2229 qualibet
971 2133 1101 2233 vulgari
1115 2138 1280 2232 excausa,
1297 2137 1469 2242 fiquoquo

242 2240 352 2311 modo
365 2234 550 2332 displiceret
565 2236 655 2312 viro,
677 2232 828 2316 utolirn,
847 2226 900 2299 sed
910 2224 975 2301 sola
985 2230 1079 2301 causa
1090 2229 1325 2329 fornicationis.

286 2354 331 2421 33.
370 2338 516 2405 ireautu
540 2350 726 2414 auursrre,
750 2330 1466 2426 &eNouneurunams·:stvefalsumju·
1506 2326 1749 2420 ,³⁹:¹²“Fm3r11'

244 2434 354 2505 tando
377 2480 390 2517 ,
414 2427 480 2500 sive
508 2441 576 2497 non
610 2425 806 2523 complendo
836 2424 924 2524 quod
946 2428 1112 2513 juraveris.
1148 2429 1253 2499 Aliud
1296 2451 1464 2530 raeceptum
1482 2396 1739 2537 {lff‘flfflfffflfi

238 2528 394 2629 perficit,
409 2526 500 2623 quod
519 2523 584 2595 illis
605 2524 713 2604 verbis
733 2526 768 2595 in
785 2524 953 2621 Decalogo
976 2548 1043 2593 non
1058 2523 1223 2614 habetur,
1256 2456 1312 2597 scii
1337 2533 1466 2601 videtur
1503 2499 1740 2628 ςήᾚξῗξζῐὲῗ

244 2625 405 2724 respicere
422 2623 465 2694 ad
485 2618 612 2713 uersum
636 2645 678 2691 υ..
699 2645 768 2719 cap.
785 2646 828 2710 ¹9·
843 2620 990 2691 Levitiri.
1012 2620 1066 2691 Ad
1078 2617 1203 2694 senium
1217 2623 1296 2697 verb
1312 2629 1413 2699 etiam
1432 2630 1467 2699 in
1482 2574 1740 2701 dernurenornine

244 2724 419 2823 Deralogo
437 2713 708 2815 comprehensum
722 2718 786 2805 est,
799 2717 854 2789 ubi
877 2718 1072 2817 generaliter
1090 2744 1242 2809 vetatur,
1258 2722 1466 2799 neaffumant
1481 2717 1706 2792 iuramentum.

242 2820 509 2894 nomenDomini
520 2820 585 2887 Dei
599 2814 645 2887 sui
657 2818 690 2887 in
705 2840 914 2916 vanumrquo
924 2838 1082 2913 precepto
1093 2816 1244 2890 videntur
1257 2822 1374 2891 Scribe
1384 2847 1463 2894 cen.

244 2912 356 3002 fuisse,
372 2918 459 3015 quod
471 2914 555 2985 nibil
565 2912 624 2985 nist
637 2916 813 3010 perjurium
824 2934 994 2985 vetaretur.
1012 2917 1159 2987 Reunia
1169 2939 1240 2987 aur
1250 2921 1459 2991 eurDorrtuo

242 3018 472 3087 :earnium
486 3033 557 3083 rua
574 3039 583 3081 e
601 3013 633 3087 id
648 3009 709 3094 est,
723 3013 756 3080 id
771 3012 861 3108 quod
874 3030 1056 3085 iuramento
1065 3012 1261 3105 promiseris,
1275 3012 1341 3084 five
1351 3015 1462 3087 homi-

243 3109 364 3194 misire
373 3112 457 3190 Deo,
468 3132 606 3183 neonus
624 3110 787 3194 Douma,
798 3108 833 3179 id
848 3106 913 3185 est,
930 3107 1136 3179 inhonorem
1147 3113 1299 3198 Domini,
1311 3134 1467 3211 tanquam

243 3208 398 3279 Domino
416 3206 563 3279 debiturn
580 3258 591 3293 ,
607 3206 658 3280 cui
679 3204 778 3277 fidem
795 3229 885 3278 ruam
909 3200 1114 3275 obstrinxisti.
1146 3213 1264 3277 Putant
1282 3208 1384 3305 aliqui
1405 3211 1465 3281 ell'e

240 3300 431 3377 deuterosin
456 3304 639 3377 Scribarum
666 3308 701 3372 dc
728 3300 988 3387 Pharil'aeotum,
1018 3301 1173 3377 sed-satis
1197 3304 1306 3403 aperti
1326 3305 1464 3379 habetur

245 3399 355 3474 sensus
369 3404 465 3490 hujus
475 3404 623 3473 mandati
650 3402 752 3473 Num·
766 3422 792 3486 3.
809 3422 875 3486 v.3.

278 3520 328 3585 34.
351 3503 425 3571 Eeo
446 3520 573 3572 aurare
596 3523 679 3571 orco
695 3520 820 3584 voert,
837 3522 912 3571 unu
932 3518 1070 3573 tuttArte
1083 3520 1251 3585 omuino,
1266 3499 1385 3598 nempe
1402 3524 1525 3601 ne·4‚·
1603 3533 1664 3613 fg,
1687 3550 1740 3593 Μ..

245 3620 308 3695 que
323 3595 462 3683 falsum,
482 3621 588 3695 neque
605 3620 717 3669 verum
733 3596 743 3683 ξ
763 3593 893 3694 supple,
907 3596 1067 3695 quanrlrm
1082 3595 1115 3666 in
1130 3598 1271 3669 tefuerit
1296 3652 1309 3685 ,
1326 3602 1378 3669 feu
1398 3598 1464 3671 stne
1480 3628 1537 3671 tern
1551 3606 1618 3671 dico
1631 3608 1736 3669 vobise

245 3692 451 3780 neceffitate,
476 3693 663 3765 assumendo
683 3690 805 3765 scilicet
828 3718 949 3765 nomen
972 3698 1035 3765 Dei
1049 3720 1104 3791 per
1123 3696 1340 3785 juramentum
1356 3700 1391 3767 in
1405 3722 1462 3769 va·
1479 3708 1538 3782 ⁰9⁰
1559 3690 1649 3761 itum
1670 3706 1737 3746 0¹¹¹·

244 3815 334 3865 num.
351 3794 492 3865 Videtur
502 3797 590 3863 enim
604 3790 764 3885 explicare
772 3787 898 3863 sensum
911 3791 997 3863 illius
1011 3788 1142 3865 secundi
1182 3795 1309 3892 recepti
1322 3795 1463 3865 Decalo-
1481 3788 1569 3903 ΜΓ,
1584 3783 1675 3844 neque
1686 3784 1736 3897 pp:

244 3890 283 3999 gi
299 3892 519 3972 ,declarando
537 3914 592 3985 per
612 3888 695 3959 illud
718 3914 785 3959 non
800 3889 902 3961 solum
922 3892 1098 3988 perjurium
1117 3941 1133 3977 ,ι
1149 3818 1203 3960 sdd
1219 3891 1466 3988 &superfluum
1482 3864 1600 3989 333,
1612 3861 1733 3981 beslii,

246 4008 465 4078 ,uramentum
477 3986 651 4087 prohiberi.
666 3990 706 4059 Et
716 3989 762 4057 ira
774 3992 920 4083 praecepti
943 3987 984 4057 est
999 3990 1010 4057 i
1035 3987 1064 4058 sa
1079 3988 1273 4085 explicatio:
1288 4013 1355 4059 non
1376 3989 1467 4062 enirn

246 4080 294 4153 est
315 4086 531 4175 juramentum
544 4084 678 4181 aliquod
692 4108 730 4155 ex
743 4080 906 4157 sebonrun
920 4014 1031 4183 ,quasi
1044 4087 1086 4156 ad
1101 4087 1328 4157 honorandum
1346 4091 1467 4177 Deum,

246 4176 303 4251 sed
318 4178 502 4253 assumendo
519 4183 709 4265 dumtaxat,
727 4204 761 4251 ut
781 4182 987 4255 necessarium
1004 4236 1014 4269 ,
1035 4202 1071 4253 ut
1087 4183 1280 4284 Augustinus
1297 4187 1360 4256 boc
1383 4185 1468 4263 loco.

244 4276 349 4349 Unde
368 4277 454 4349 idern
468 4278 542 4351 libr.
565 4281 606 4350 de
625 4279 827 4367 mendacio,
846 4304 915 4378 cap·
932 4303 955 4368 5.
972 4282 1085 4353 intelli
1109 4286 1231 4355 endum
1250 4281 1313 4370 est,
1333 4286 1468 4383 inquit,

247 4370 353 4461 illud,
382 4380 473 4475 quod
493 4378 629 4469 positum
641 4376 684 4445 est
698 4428 709 4462 ,
724 4380 872 4466 'emerini,
892 4380 935 4449 ad
949 4380 1011 4449 boc
1025 4308 1165 4476 postium
1180 4400 1242 4467 ,ut
1254 4403 1413 4478 quantum
1433 4386 1469 4451 in

245 4489 280 4541 re
301 4471 365 4557 eil,
381 4499 451 4545 non
467 4474 596 4546 affefles
612 4528 622 4561 ,
638 4498 704 4543 non
717 4498 805 4545 ames
821 4528 832 4561 ,
859 4497 895 4545 ut
909 4476 998 4573 quali
1019 4502 1077 4577 pro
1089 4480 1178 4551 bono
1192 4503 1267 4551 cum
1287 4479 1397 4574 aliqua
1410 4477 1468 4546 de-

244 4566 424 4643 ledlatione
452 4596 582 4669 appetas
610 4573 862 4663 jusjurandum,
889 4569 1010 4647 scilicet
1039 4577 1138 4649 nullis
1160 4577 1234 4648 aliis
1254 4571 1466 4647 circumflan-

246 4662 303 4734 tiis
319 4665 351 4737 id
366 4670 544 4741 vestiendo.
573 4671 625 4741 Sic
643 4673 730 4739 enirn
742 4670 826 4742 nude
845 4696 896 4755 per
908 4672 1050 4767 fejurare
1070 4676 1183 4757 velle,
1210 4670 1309 4741 etiam
1328 4695 1465 4761 verum,

240 4763 370 4835 malum
384 4768 436 4838 est.
454 4771 636 4843 Rationem
660 4767 747 4837 idem
776 4770 883 4839 reddit
899 4770 960 4841 hue
982 4772 1081 4858 loco,
1111 4775 1149 4840 &
1173 4766 1253 4839 aliu·
1266 4764 1396 4865 sapitis,
1423 4796 1466 4842 ne

241 4856 432 4933 effiiuiure
444 4866 575 4955 jurandi
601 4863 642 4935 ad
655 4866 827 4959 perjurium
844 4890 898 4962 per
921 4866 1185 4938 consuetudinem
1205 4864 1373 4942 delabaris.
1411 4873 1462 4939 Ite

242 4958 289 5044 ἁ
306 4958 462 5069 imbros
472 4965 579 5048 Srrm·
590 4985 639 5057 14·
653 4957 820 5056 iul‘falru·
834 4970 891 5069 ui.
915 4964 1036 5049 Voluit
1056 4986 1089 5088 te
1108 4988 1179 5045 non
1193 4968 1317 5170 iubati
1336 4989 1462 5073 nepe&

210 5273 487 5338 “unfit
570 5331 612 5350 ,-
