4159 5809
662 501 717 566 ιιι
859 471 1178 548 ΕΟΜΜΕΝΤ.
1226 473 1288 548 ΙΝ
1335 471 1723 548 EdeGELrUM

658 577 759 662 facit,
776 593 833 648 aut
856 569 927 651 fieri
942 567 1027 644 linit.
1044 569 1153 646 ‘Unde
1172 569 1331 667 Cypriam
1357 569 1514 670 perillam
1532 573 1684 642 eamdem
1698 569 1841 666 tunicam
1854 569 1906 640 inl
1962 646 1964 648 ,

658 673 778 772 telligit
800 665 969 770 significati
987 664 1180 758 Ecclesiam,
1227 694 1272 739 uae
1292 669 1382 740 uelut
1403 668 1495 738 vestis
1516 670 1679 740 adhaerens
1697 663 1850 752 Christo,
1868 661 1910 734 lie

657 795 725 842 una
739 771 810 858 esl,
836 790 873 840 ιιι
891 765 995 837 dividi
1017 787 1181 862 nequeat:
1199 691 1253 836 sed
1272 771 1328 862 qui
1342 791 1413 836 eam
1427 762 1559 854 deserit,
1580 789 1724 838 nontam
1737 759 1909 834 eamscin-

658 869 708 938 dit
726 870 761 938 in
775 887 897 964 partes,
911 867 1014 961 quim
1027 862 1119 933 abet
1132 859 1266 961 seipsum
1286 859 1468 962 abrumpit,
1487 885 1524 934 ea
1540 868 1701 962 integram
1711 860 1911 955 relinquens.

658 967 734 1038 Nec
748 989 872 1060 magno
897 961 1052 1058 mysterio
1076 981 1182 1048 caret,
1206 959 1296 1058 quod
1321 964 1450 1048 dicitur,
1464 963 1641 1028 Sortiamur
1661 959 1700 1028 de
1717 961 1799 1044 illa,
1823 960 1915 1041 cujus

654 1059 701 1152 fit
719 1095 731 1150 3
746 1061 887 1134 charitas
908 1063 1019 1144 enim,
1037 1065 1073 1132 de
1090 1049 1150 1128 esse
1168 1057 1208 1128 de
1229 1053 1386 1146 ecclesia,
1409 1055 1493 1127 sorte
1510 1057 1688 1155 obtingunt
1709 1085 1718 1128 ι
1737 1058 1815 1151 quia
1834 1051 1915 1126 ficut

661 1155 755 1230 sortis
775 1179 910 1230 euentus
931 1181 1000 1230 non
1022 1155 1067 1226 est
1085 1157 1120 1226 ln
1140 1154 1248 1226 nosttt
1268 1155 1441 1252 potestate,
1458 1149 1509 1222 sed
1530 1179 1603 1226 eum
1622 1152 1710 1226 casus
1733 1149 1914 1238 adscende

662 1259 768 1353 gratia
784 1257 922 1327 Domini
942 1251 1134 1324 charitatem
1154 1252 1323 1340 adferens,
1340 1260 1378 1324 dc
1396 1247 1538 1323 Ecclesiae
1557 1248 1714 1336 inserens,
1738 1273 1806 1320 non
1824 1246 1913 1342 quad

663 1376 703 1424 et
723 1353 876 1430 mercedis
895 1353 1035 1438 metito,
1055 1347 1107 1418 sed
1118 1370 1165 1418 et
1196 1355 1259 1424 Dei
1280 1348 1448 1421 voluntate
1462 1347 1605 1428 defertur
1622 1405 1634 1438 ,
1653 1371 1689 1424 ιιι
1719 1342 1833 1419 Ambr.
1850 1351 1912 1418 Ex-

427 1529 638 1640 ²l·⁵‘⁸¹”¹¹⁸²}¹‘
667 1448 1148 1644 hpgtastgopgggdgglppg‘rrpgsgu
1168 1545 1391 1640 cnucurtjnsu
1412 1564 1532 1616 nrtttn
1554 1565 1636 1618 tros.
1658 1537 1913 1636 Exquibusvet.

367 1623 641 1772 '‘Jtffilieilglfflnl
668 1641 719 1714 bis
744 1643 912 1738 colligitur
931 1638 1037 1739 primo
1054 1645 1175 1712 amoris
1196 1641 1392 1736 ardot,quo
1407 1645 1542 1716 incitata
1565 1665 1619 1736 per
1640 1635 1914 1710 mediisinsolen·
2052 1643 2053 1656 ¹

377 1783 406 1834 ιι
435 1773 512 1832 soror
545 1767 642 1824 mains
669 1749 751 1811 tium
770 1741 940 1810 hominum
957 1737 1067 1808 turbas
1088 1735 1188 1834 usque
1204 1739 1245 1806 ad
1260 1736 1360 1833 ipsam
1385 1733 1633 1814 crucemnsecuta
1661 1733 1699 1806 srt
1722 1733 1845 1823 fillum,
1861 1759 1917 1806 ne-
2052 1791 2053 1818 ,

375 1858 433 1928 ejus
452 1851 541 1910 Mania
555 1845 643 1904 creo-
670 1863 736 1934 qne
752 1834 858 1908 setum
875 1857 1002 1906 morata
1012 1892 1024 1925 ,
1040 1856 1101 1906 nec
1119 1829 1298 1932 opprobria
1308 1832 1529 1906 insultantium
1549 1857 1718 1930 tamquam
1736 1839 1833 1902 marri
1848 1856 1917 1903 cru·
2052 1831 2053 1904 j

377 1931 439 2016 {³1¹²
459 1969 469 1996 ι
495 1933 524 1986 ὅ(
552 1925 644 1982 Maria
669 1932 774 2021 cisti,
802 1957 909 2031 neque
989 1932 1131 2017 iculum:
1172 1957 1217 2002 uae
1238 1953 1350 2028 parata
1365 1954 1461 2018 erat,
1486 1935 1593 2028 inquit
1616 1926 1766 2002 Ambros.
1788 1927 1848 2002 lib.
1868 1955 1914 2004 to.

377 2009 555 2094 M⁸ssd²¹ffl1⁶⁸
668 2035 703 2104 in
718 2036 863 2119 Lucam,
878 2040 911 2102 dt
942 2031 980 2103 ..a
996 2051 1103 2100 morte
1116 2055 1157 2128 pu
1185 2031 1248 2099 lico
1268 2034 1392 2099 muneri
1406 2029 1637 2126 redemptonis
1648 2029 1759 2098 mundi
1778 2027 1917 2124 aliquid.

663 2127 692 2200 st
718 2135 794 2202 Deo
811 2125 999 2226 placuisset,
1015 2127 1145 2198 addere.
1164 2123 1333 2210 Semndd,
1350 2129 1450 2198 animi
1472 2127 1680 2212 constantia,
1708 2145 1744 2194 ut
1760 2149 1834 2220 quae
1852 2150 1920 2196 non
2052 2157 2053 2214 3

668 2227 814 2322 deliquio
825 2224 989 2308 ceciderit,
1011 2222 1289 2322 quemadmodum
1306 2223 1445 2318 pidlores
1461 2221 1612 2292 nonnulli
1628 2221 1777 2318 fingunt,
1803 2219 1856 2292 sed
1870 2227 1920 2292 vi.
2052 2307 2053 2312 g

667 2325 768 2395 tilitet
784 2323 915 2394 steterit.
936 2318 1052 2392 Stabat
1067 2316 1181 2402 enim‘,
1198 2324 1306 2414 inquit
1326 2321 1412 2389 idem
1429 2315 1580 2393 Ambros.
1598 2317 1797 2417 fugientibus
1818 2323 1920 2407 viris,
2052 2351 2053 2414 ι

663 2420 841 2517 intrepida.
864 2414 987 2490 ¹Stabat
1005 2443 1074 2490 non
1096 2418 1234 2516 degener
1254 2439 1356 2488 mater
1374 2411 1577 2512 spedlaculo,
1600 2423 1659 2513 piis
1679 2415 1826 2513 spedtuns
1838 2439 1918 2491 ocu.
2052 2417 2053 2502 l

667 2515 708 2588 lis
728 2519 860 2588 vulnera
875 2513 957 2598 filii,
978 2519 1057 2610 quia
1077 2510 1272 2609 etpeslabat
1290 2537 1358 2584 non
1371 2516 1521 2610 pignoris
1538 2540 1705 2601 mortem,
1730 2511 1782 2584 sed
1803 2515 1920 2584 mundi
2052 2513 2053 2556 l

662 2610 814 2686 salutem.
839 2607 977 2699 Ternd,
1004 2608 1128 2680 doloris
1155 2613 1348 2706 magnitudo
1368 2631 1407 2678 ot
1439 2607 1662 2706 compassione
1678 2633 1919 2682 tormentorum
2052 2657 2053 2660 =

667 2709 727 2784 filii
744 2731 847 2795 nata,
869 2730 1118 2805 propterquam
1137 2704 1283 2804 plenque
1299 2710 1431 2794 Partes,
1448 2707 1551 2801 Cyril.
1574 2717 1608 2782 dr
1628 2707 1686 2779 olii
1703 2705 1777 2796 ,lile
1795 2705 1917 2798 imple.
2052 2715 2053 2776 }

662 2829 739 2880 eum
762 2806 878 2889 volunt
901 2809 1062 2876 Simeonis
1077 2807 1267 2876 vaticinium
1282 2858 1294 2891 ,
1311 2805 1419 2872 Tuam
1439 2805 1531 2903 ipsus
1551 2805 1693 2876 animam
1718 2799 1917 2903 peneunssbit
2052 2827 2053 2842 ι

664 2903 818 3006 gladius,
838 2903 873 2972 id
886 2900 966 2992 ert,
988 2902 1113 2972 doloris
1140 2902 1346 2998 magnitudo.
1377 2905 1434 2972 Et
1463 2925 1576 2974 toton
1600 2926 1735 2976 trnrnrs
1753 2925 1823 2973 trus
1842 2957 1853 2990 ,
1873 2907 1923 2973 ita
2052 2939 2053 2950 ι

670 3024 802 3098 propter
815 2995 1009 3072 affinitatem
1025 3000 1114 3070 dista
1127 3053 1138 3087 ,
1151 3001 1228 3094 qula
1246 2995 1336 3068 soror
1346 2995 1479 3094 loseph,
1501 3003 1608 3070 mariti
1619 3003 1658 3073 B.
1675 3003 1821 3098 Virginis
1832 3031 1842 3086 ς
1852 3023 1923 3092 quiae
2052 3051 2053 3060 .

664 3096 760 3169 sotor
776 3093 955 3170 vocabatur
973 3098 1109 3170 Mania
1128 3093 1308 3168 Cruornru.
1341 3091 1410 3168 Ubi
1429 3091 1590 3167 subaudiri
1615 3097 1751 3194 potest,
1779 3093 1832 3168 uel
1848 3097 1924 3191 filis
2052 3129 2053 3196 ι

666 3193 722 3266 ,νεὶ
741 3220 865 3284 meter,
884 3193 960 3280 vel,
980 3195 1072 3290 quod
1092 3191 1292 3274 verisimilius
1309 3193 1370 3280 est,
1387 3217 1482 3263 uxor.
1509 3193 1739 3267 Hucvocatur
1755 3191 1778 3266 d
1794 3194 1923 3266 Manu.

666 3300 708 3366 ,δι
732 3296 850 3364 Marco
866 3295 992 3366 Maria
1009 3286 1128 3384 jacobi
1155 3286 1195 3360 ts·
1222 3287 1348 3389 Ioseph,
1368 3288 1488 3361 scilicet
1518 3313 1632 3363 mater.
1664 3296 1721 3363 un
1753 3295 1925 3364 Mutua

669 3393 809 3478 ,Maon
821 3413 873 3466 nu
885 3413 932 3460 err
947 3413 989 3462 us
1013 3411 1086 3483 quae
1098 3388 1229 3485 quidem
1248 3387 1395 3458 mulieres
1415 3387 1564 3458 dicuntur
1578 3389 1666 3486 opud
1686 3387 1884 3461 Mattlraeum
1903 3388 1926 3458 d
2052 3391 2053 3466 l

671 3486 773 3584 longe
793 3485 924 3571 lletilse,
947 3485 1004 3557 lrlc
1032 3508 1141 3557 autem
1173 3491 1260 3574 jutta
1287 3505 1413 3554 crucem
1442 3481 1526 3557 :sed
1558 3507 1730 3582 utrumque
1756 3482 1924 3560 succeffiud

668 3579 741 3657 fieri
755 3589 880 3681 potuit,
899 3605 937 3654 ut
952 3580 1060 3679 primd
1085 3583 1186 3679 propd
1210 3581 1371 3666 steterint,
1391 3582 1510 3653 deinde
1542 3579 1733 3656 recesserint.

411 3684 650 3763 uncumvidrs·
731 3694 784 3754 26.
808 3685 892 3753 Cutr
909 3703 1063 3751 vinissit
1081 3704 1172 3752 uteo
1198 3681 1284 3771 lusus
1306 3701 1487 3767 MATREM,
1514 3703 1552 3751 tr
1577 3703 1782 3753 orsciuutunr
1816 3703 1925 3753 stau-

379 3773 650 3866 ,setergoJesusrua
676 3800 775 3866 uest,
795 3801 894 3870 Qrtit
914 3798 1099 3854 ortroront
1118 3832 1129 3865 ,
1150 3796 1282 3872 propter
1304 3781 1524 3868 virginitatem
1546 3786 1578 3850 δι
1607 3774 1767 3872 sapiensne
1790 3777 1931 3873 profun-
2052 3847 2053 3850 ,

380 3862 511 3928 “⁸⁰¹ss
525 3851 652 3931 ΜΨ·
678 3872 774 3961 dum,
791 3898 828 3945 ut
848 3879 988 3946 Hieron.
1005 3895 1120 3944 contra
1134 3875 1348 3970 jovinianum
1367 3929 1377 3960 ,
1396 3881 1429 3945 dr
1444 3879 1477 3944 in
1494 3878 1590 3969 capit.
1604 3874 1663 3947 ult.
1675 3875 1929 3960 Zachariae.Ad.
2052 3913 2053 3918 ,

299 4045 308 4056 ,
381 3941 470 4098 dem
494 3937 651 4094 4ξῖἕῇῗῇ
678 3971 742 4056 de,
757 3969 880 4059 otalii,
899 3992 1032 4067 propter
1053 3995 1183 4042 morum
1196 3966 1407 4056 suauitatem,
1426 3973 1670 4062 verecundiam,
1688 3977 1789 4042 attans
1809 3977 1932 4043 teneri.
2052 3987 2053 4038 ξ

384 4093 456 4155 'dicit
476 4099 558 4153 matri
578 4089 649 4148 suae:
678 4069 834 4143 tudinem.
852 4073 944 4142 Num
959 4065 1092 4139 dilectio
1104 4067 1165 4138 ista
1183 4073 1288 4160 major
1301 4068 1425 4138 viderur
1448 4065 1625 4164 fignificnre
1642 4079 1766 4162 majora
1779 4067 1932 4140 familia-

376 4168 492 4246 'Mulier
510 4217 518 4242 ι
542 4189 604 4250 ⁶9⁶0
622 4165 650 4225 fi·
672 4169 780 4237 uitatis
791 4173 824 4238 dt
838 4163 1072 4236 benevolentia
1089 4167 1230 4251 indicia,
1247 4185 1318 4258 quae
1334 4161 1476 4250 exhiberi
1497 4165 1559 4234 illis
1570 4163 1704 4235 subinde
1718 4164 1848 4253 solent,
1875 4171 1936 4261 qul

380 4255 442 4338 lim
461 4270 533 4330 ²¹¹⁰?-
675 4265 796 4334 minori
812 4261 1220 4335 dileslionisaeslimatione
1241 4263 1425 4358 diliguntur·
1452 4268 1557 4332 Drcir
1589 4283 1705 4333 rantur
1735 4287 1841 4348 sna,
1866 4265 1936 4335 hoc
2052 4305 2053 4356 3

671 4356 745 4456 ipso
762 4357 793 4429 se
814 4363 989 4455 genuinum
1006 4356 1108 4430 filium
1123 4369 1190 4456 ejus
1207 4357 1392 4446 declarans,
1412 4354 1502 4452 qudd
1521 4355 1617 4455 ipsius
1629 4384 1738 4431 curam
1760 4385 1828 4430 non
1841 4361 1937 4432 dese·
2052 4373 2053 4428 3

674 4481 744 4544 rat,
762 4479 797 4526 ut
814 4455 961 4528 Paulinus
978 4455 1131 4528 Nolanus
1153 4477 1247 4528 notat
1269 4457 1365 4553 Epist.
1389 4462 1432 4542 38.
1459 4460 1622 4543 Mutrun,
1641 4483 1706 4546 non
1720 4479 1858 4528 matrem
1877 4483 1936 4528 vo-

674 4575 750 4639 cat,
773 4576 841 4624 tum
860 4577 901 4624 ne
919 4549 1018 4623 altitls
1038 4552 1158 4623 viscera
1177 4553 1404 4626 dlledlionls&
1418 4552 1539 4623 doloris
1550 4577 1755 4642 concuteret,
1769 4577 1838 4622 rum
1854 4562 1931 4650 quia

672 4650 773 4724 aliurn
790 4657 820 4720 ei
836 4659 905 4741 jam
918 4647 1023 4720 filium
1037 4649 1240 4746 adoptabat,
1260 4675 1337 4722 recu
1356 4655 1579 4738 Ἐιιιιιιτιιιις,
1598 4656 1656 4720 erit
1674 4653 1729 4719 ille
1750 4648 1811 4720 tibi
1834 4652 1929 4720 dein-

671 4769 749 4842 cept
761 4771 837 4818 meo
850 4749 948 4834 loco,
974 4751 1031 4837 qui
1051 4744 1169 4820 scilicet
1186 4753 1246 4820 tuis
1263 4744 1428 4844 obsequiis
1443 4747 1614 4819 obllridbrs
1633 4753 1692 4818 erit
1710 4773 1751 4817 eo
1762 4757 1850 4838 jure,
1865 4773 1933 4841 qno

672 4841 758 4916 filius
775 4869 950 4919 maternus.
975 4845 1111 4914 Videtur
1132 4869 1242 4916 autem
1262 4868 1343 4916 nutu
1362 4845 1531 4916 oculorum
1550 4843 1601 4914 vel
1631 4851 1745 4942 capitis
1770 4847 1927 4952 Jnannem

671 4937 873 5037 designasse,
898 4939 979 5012 ficut
996 4942 1101 5014 statim
1124 4941 1218 5017 'simili
1243 4967 1323 5014 nutu
1341 4965 1502 5029 matrem,
1531 4937 1665 5038 quando

421 5087 472 5132 27.
486 5056 597 5125 Deinde
607 5056 648 5116 di·
711 5069 761 5126 ²7·
782 5046 921 5121 Durunt
949 5062 1051 5114 orcrr
1074 5065 1258 5115 nticrruto
1273 5068 1281 5110 ι
1295 5047 1384 5118 Ecce
1415 5063 1623 5114 urrunnun
1647 5095 1657 5126 ‚
1700 5049 1787 5136 cnjus
1813 5035 1930 5108 scilicet

295 5136 303 5152 “’
379 5140 652 5248 εἰιιιίςῐιιιιῑιτῐῦ·
677 5136 828 5254 deinceps
848 5161 958 5228 utrem
976 5162 1069 5235 geres
1088 5164 1258 5240 tamquam
1272 5145 1383 5214 matris
1396 5159 1476 5240 nuc,
1487 5139 1602 5224 eadem
1617 5137 1765 5213 uidelicet
1782 5137 1934 5209 ducturo.
