<?xml version="1.0" encoding="UTF-8"?>
<!DOCTYPE html PUBLIC "-//W3C//DTD XHTML 1.0 Transitional//EN"
    "http://www.w3.org/TR/xhtml1/DTD/xhtml1-transitional.dtd">
<html xmlns="http://www.w3.org/1999/xhtml" xml:lang="en" lang="en">
 <head>
  <title>
</title>
<meta http-equiv="Content-Type" content="text/html;charset=utf-8" />
  <meta name='ocr-system' content='tesseract 3.04.00' />
  <meta name='ocr-capabilities' content='ocr_page ocr_carea ocr_par ocr_line ocrx_word'/>
</head>
<body>
  <div class='ocr_page' id='page_1' title='image "./tetrateuchussiv00jansgoog/tetrateuchussiv00jansgoog_0413.png"; bbox 0 0 4159 5809; ppageno 0'>
   <div class='ocr_carea' id='block_1_1' title="bbox 250 235 1753 1768">
    <p class='ocr_par' dir='ltr' id='par_1_1' title="bbox 255 235 1512 340">
     <span class='ocr_line' id='line_1_1' title="bbox 255 235 1512 340; baseline 0.005 -28"><span class='ocrx_word' id='word_1_1' title='bbox 255 326 261 340; x_wconf 29' lang='grc' dir='ltr'><strong><em>Ι</em></strong></span> <span class='ocrx_word' id='word_1_2' title='bbox 334 331 336 335; x_wconf 23' lang='grc' dir='ltr'>Ι</span> <span class='ocrx_word' id='word_1_3' title='bbox 438 236 748 320; x_wconf 75' lang='lat' dir='ltr'>SECUNDUM</span> <span class='ocrx_word' id='word_1_4' title='bbox 786 235 1050 317; x_wconf 80' lang='lat' dir='ltr'>MARCUM.</span> <span class='ocrx_word' id='word_1_5' title='bbox 1080 235 1198 314; x_wconf 75' lang='lat' dir='ltr'>CAP.</span> <span class='ocrx_word' id='word_1_6' title='bbox 1238 240 1337 319; x_wconf 81' lang='lat' dir='ltr'>xvi.</span> <span class='ocrx_word' id='word_1_7' title='bbox 1435 243 1512 338; x_wconf 71' lang='lat'>{99&#39;</span> 
     </span>
    </p>

    <p class='ocr_par' dir='ltr' id='par_1_2' title="bbox 256 327 1490 438">
     <span class='ocr_line' id='line_1_2' title="bbox 256 327 1490 438; baseline 0.013 -36"><span class='ocrx_word' id='word_1_8' title='bbox 256 327 357 417; x_wconf 89' lang='lat' dir='ltr'>dicit,</span> <span class='ocrx_word' id='word_1_9' title='bbox 385 333 477 428; x_wconf 81' lang='lat' dir='ltr'>juxta</span> <span class='ocrx_word' id='word_1_10' title='bbox 503 343 587 412; x_wconf 84' lang='lat' dir='ltr'>illud</span> <span class='ocrx_word' id='word_1_11' title='bbox 611 348 705 437; x_wconf 87' lang='lat' dir='ltr'>Joan.</span> <span class='ocrx_word' id='word_1_12' title='bbox 723 341 835 437; x_wconf 82' lang='lat' dir='ltr'>Apoll.</span> <span class='ocrx_word' id='word_1_13' title='bbox 858 341 927 438; x_wconf 78' lang='lat' dir='ltr'>Qi&#39;</span> <span class='ocrx_word' id='word_1_14' title='bbox 947 337 1027 408; x_wconf 80' lang='lat' dir='ltr'>dicit</span> <span class='ocrx_word' id='word_1_15' title='bbox 1033 340 1068 430; x_wconf 79' lang='lat' dir='ltr'>se</span> <span class='ocrx_word' id='word_1_16' title='bbox 1090 336 1168 430; x_wconf 77' lang='lat' dir='ltr'>noffe</span> <span class='ocrx_word' id='word_1_17' title='bbox 1181 341 1311 427; x_wconf 82' lang='lat' dir='ltr'>Deum,</span> <span class='ocrx_word' id='word_1_18' title='bbox 1337 341 1377 417; x_wconf 68' lang='grc' dir='ltr'><em>ἀ</em></span> <span class='ocrx_word' id='word_1_19' title='bbox 1397 369 1490 416; x_wconf 80' lang='lat' dir='ltr'>man·</span> 
     </span>
    </p>

    <p class='ocr_par' dir='ltr' id='par_1_3' title="bbox 257 424 1487 539">
     <span class='ocr_line' id='line_1_3' title="bbox 257 424 1487 539; baseline 0.014 -44"><span class='ocrx_word' id='word_1_20' title='bbox 257 424 342 496; x_wconf 74' lang='lat' dir='ltr'>dara</span> <span class='ocrx_word' id='word_1_21' title='bbox 364 441 433 522; x_wconf 82' lang='lat' dir='ltr'>ejus</span> <span class='ocrx_word' id='word_1_22' title='bbox 453 463 514 507; x_wconf 82' lang='lat' dir='ltr'>non</span> <span class='ocrx_word' id='word_1_23' title='bbox 540 437 691 530; x_wconf 80' lang='lat' dir='ltr'>custodit,</span> <span class='ocrx_word' id='word_1_24' title='bbox 715 436 851 506; x_wconf 80' lang='lat' dir='ltr'>mendax</span> <span class='ocrx_word' id='word_1_25' title='bbox 862 439 913 526; x_wconf 80' lang='lat' dir='ltr'>est.</span> <span class='ocrx_word' id='word_1_26' title='bbox 950 435 1020 539; x_wconf 81' lang='lat' dir='ltr'>Qi</span> <span class='ocrx_word' id='word_1_27' title='bbox 1043 457 1140 508; x_wconf 75' lang='lat' dir='ltr'>vrso</span> <span class='ocrx_word' id='word_1_28' title='bbox 1161 461 1487 530; x_wconf 72' lang='lat' dir='ltr'>uouentnininir,</span> 
     </span>
    </p>

    <p class='ocr_par' dir='ltr' id='par_1_4' title="bbox 258 523 1485 634">
     <span class='ocr_line' id='line_1_4' title="bbox 258 523 1485 634; baseline 0.012 -39"><span class='ocrx_word' id='word_1_29' title='bbox 258 523 406 599; x_wconf 72' lang='lat' dir='ltr'>iliande</span> <span class='ocrx_word' id='word_1_30' title='bbox 436 537 505 625; x_wconf 75' lang='lat' dir='ltr'>jam</span> <span class='ocrx_word' id='word_1_31' title='bbox 544 535 668 621; x_wconf 74' lang='lat' dir='ltr'>dieta,</span> <span class='ocrx_word' id='word_1_32' title='bbox 707 556 1035 607; x_wconf 69' lang='lat' dir='ltr'>conveneramur.</span> <span class='ocrx_word' id='word_1_33' title='bbox 1085 531 1167 605; x_wconf 86' lang='lat' dir='ltr'>Non</span> <span class='ocrx_word' id='word_1_34' title='bbox 1206 537 1324 634; x_wconf 88' lang='lat' dir='ltr'>repetit</span> <span class='ocrx_word' id='word_1_35' title='bbox 1346 540 1485 610; x_wconf 87' lang='lat' dir='ltr'>alterum</span> 
     </span>
    </p>

    <p class='ocr_par' dir='ltr' id='par_1_5' title="bbox 261 625 1486 731">
     <span class='ocr_line' id='line_1_5' title="bbox 261 625 1486 731; baseline 0.009 -39"><span class='ocrx_word' id='word_1_36' title='bbox 261 625 473 712; x_wconf 85' lang='lat' dir='ltr'>membrum,</span> <span class='ocrx_word' id='word_1_37' title='bbox 501 631 540 706; x_wconf 67' lang='grc' dir='ltr'>ό*</span> <span class='ocrx_word' id='word_1_38' title='bbox 564 629 604 701; x_wconf 78' lang='lat' dir='ltr'>ba</span> <span class='ocrx_word' id='word_1_39' title='bbox 627 635 822 731; x_wconf 55' lang='lat' dir='ltr'>rizariisnon</span> <span class='ocrx_word' id='word_1_40' title='bbox 833 625 956 718; x_wconf 84' lang='lat' dir='ltr'>fuerit,</span> <span class='ocrx_word' id='word_1_41' title='bbox 970 636 1049 731; x_wconf 89' lang='lat' dir='ltr'>quia</span> <span class='ocrx_word' id='word_1_42' title='bbox 1074 632 1116 704; x_wconf 87' lang='lat' dir='ltr'>ba</span> <span class='ocrx_word' id='word_1_43' title='bbox 1140 629 1252 704; x_wconf 90' lang='lat' dir='ltr'>tismus</span> <span class='ocrx_word' id='word_1_44' title='bbox 1269 660 1335 704; x_wconf 91' lang='lat' dir='ltr'>non</span> <span class='ocrx_word' id='word_1_45' title='bbox 1365 635 1408 706; x_wconf 85' lang='lat' dir='ltr'>est</span> <span class='ocrx_word' id='word_1_46' title='bbox 1426 659 1486 706; x_wconf 90' lang='lat' dir='ltr'>ne-</span> 
     </span>
    </p>

    <p class='ocr_par' dir='ltr' id='par_1_6' title="bbox 257 653 1485 829">
     <span class='ocr_line' id='line_1_6' title="bbox 257 653 1485 829; baseline 0.011 -41"><span class='ocrx_word' id='word_1_47' title='bbox 257 720 411 796; x_wconf 85' lang='lat' dir='ltr'>ceffitatis</span> <span class='ocrx_word' id='word_1_48' title='bbox 439 751 506 798; x_wconf 88' lang='lat' dir='ltr'>tam</span> <span class='ocrx_word' id='word_1_49' title='bbox 522 653 697 816; x_wconf 72' lang='lat' dir='ltr'>absolute,</span> <span class='ocrx_word' id='word_1_50' title='bbox 721 728 820 829; x_wconf 69' lang='lat' dir='ltr'>quim</span> <span class='ocrx_word' id='word_1_51' title='bbox 845 726 945 799; x_wconf 82' lang='lat' dir='ltr'>fides:</span> <span class='ocrx_word' id='word_1_52' title='bbox 963 754 1039 799; x_wconf 89' lang='lat' dir='ltr'>nam</span> <span class='ocrx_word' id='word_1_53' title='bbox 1058 654 1176 826; x_wconf 42' lang='lat' dir='ltr'>absbue</span> <span class='ocrx_word' id='word_1_54' title='bbox 1192 729 1258 800; x_wconf 90' lang='lat' dir='ltr'>fide</span> <span class='ocrx_word' id='word_1_55' title='bbox 1273 731 1387 803; x_wconf 89' lang='lat' dir='ltr'>salvari</span> <span class='ocrx_word' id='word_1_56' title='bbox 1406 733 1485 805; x_wconf 89' lang='lat' dir='ltr'>nul-</span> 
     </span>
    </p>

    <p class='ocr_par' dir='ltr' id='par_1_7' title="bbox 256 815 1483 924">
     <span class='ocr_line' id='line_1_7' title="bbox 256 815 1483 924; baseline 0.011 -38"><span class='ocrx_word' id='word_1_57' title='bbox 256 815 293 886; x_wconf 93' lang='lat' dir='ltr'>lo</span> <span class='ocrx_word' id='word_1_58' title='bbox 317 823 414 916; x_wconf 71' lang='lat' dir='ltr'>pasto</span> <span class='ocrx_word' id='word_1_59' title='bbox 431 825 553 923; x_wconf 89' lang='lat' dir='ltr'>potest,</span> <span class='ocrx_word' id='word_1_60' title='bbox 572 824 693 924; x_wconf 87' lang='lat' dir='ltr'>absque</span> <span class='ocrx_word' id='word_1_61' title='bbox 704 823 866 924; x_wconf 89' lang='lat' dir='ltr'>baptismo</span> <span class='ocrx_word' id='word_1_62' title='bbox 881 827 1007 924; x_wconf 92' lang='lat' dir='ltr'>potest,</span> <span class='ocrx_word' id='word_1_63' title='bbox 1028 826 1052 896; x_wconf 86' lang='lat' dir='ltr'>si</span> <span class='ocrx_word' id='word_1_64' title='bbox 1072 824 1309 898; x_wconf 88' lang='lat' dir='ltr'>sacramentum</span> <span class='ocrx_word' id='word_1_65' title='bbox 1324 827 1483 901; x_wconf 84' lang='lat' dir='ltr'>illudnon</span> 
     </span>
    </p>

    <p class='ocr_par' dir='ltr' id='par_1_8' title="bbox 256 922 1481 1024">
     <span class='ocr_line' id='line_1_8' title="bbox 256 922 1481 1024; baseline 0.013 -41"><span class='ocrx_word' id='word_1_66' title='bbox 256 938 388 990; x_wconf 88' lang='lat' dir='ltr'>contem</span> <span class='ocrx_word' id='word_1_67' title='bbox 415 945 464 1016; x_wconf 84' lang='lat' dir='ltr'>tus</span> <span class='ocrx_word' id='word_1_68' title='bbox 482 924 673 1024; x_wconf 75' lang='lat' dir='ltr'>religionis,</span> <span class='ocrx_word' id='word_1_69' title='bbox 701 925 756 996; x_wconf 91' lang='lat' dir='ltr'>sed</span> <span class='ocrx_word' id='word_1_70' title='bbox 778 925 935 998; x_wconf 83' lang='lat' dir='ltr'>articulus</span> <span class='ocrx_word' id='word_1_71' title='bbox 955 922 1150 996; x_wconf 85' lang='lat' dir='ltr'>necellitatis</span> <span class='ocrx_word' id='word_1_72' title='bbox 1165 926 1341 1014; x_wconf 85' lang='lat' dir='ltr'>excludat,</span> <span class='ocrx_word' id='word_1_73' title='bbox 1362 948 1397 997; x_wconf 92' lang='lat' dir='ltr'>ut</span> <span class='ocrx_word' id='word_1_74' title='bbox 1417 930 1481 999; x_wconf 80' lang='lat' dir='ltr'>llu-</span> 
     </span>
    </p>

    <p class='ocr_par' dir='ltr' id='par_1_9' title="bbox 257 947 845 1120">
     <span class='ocr_line' id='line_1_9' title="bbox 257 947 845 1120; baseline 0.015 -35"><span class='ocrx_word' id='word_1_75' title='bbox 257 1014 337 1112; x_wconf 80' lang='lat' dir='ltr'>gust.</span> <span class='ocrx_word' id='word_1_76' title='bbox 367 947 427 1090; x_wconf 83' lang='lat' dir='ltr'>lib.</span> <span class='ocrx_word' id='word_1_77' title='bbox 445 1045 479 1106; x_wconf 85' lang='lat'>4.</span> <span class='ocrx_word' id='word_1_78' title='bbox 509 1025 550 1092; x_wconf 89' lang='lat' dir='ltr'>de</span> <span class='ocrx_word' id='word_1_79' title='bbox 566 1019 728 1120; x_wconf 89' lang='lat' dir='ltr'>baptismo</span> <span class='ocrx_word' id='word_1_80' title='bbox 742 1048 769 1094; x_wconf 92' lang='lat' dir='ltr'>c.</span> <span class='ocrx_word' id='word_1_81' title='bbox 798 1043 845 1094; x_wconf 87' lang='lat'>22.</span> 
     </span>
    </p>

    <p class='ocr_par' dir='ltr' id='par_1_10' title="bbox 250 1117 1753 1768">
     <span class='ocr_line' id='line_1_10' title="bbox 284 1117 1753 1232; baseline 0.012 -48"><span class='ocrx_word' id='word_1_82' title='bbox 284 1143 362 1223; x_wconf 49' lang='lat' dir='ltr'>fs·</span> <span class='ocrx_word' id='word_1_83' title='bbox 389 1117 503 1190; x_wconf 79' lang='lat' dir='ltr'>Sioua</span> <span class='ocrx_word' id='word_1_84' title='bbox 526 1139 672 1202; x_wconf 77' lang='lat' dir='ltr'>nursia,</span> <span class='ocrx_word' id='word_1_85' title='bbox 704 1120 738 1189; x_wconf 94' lang='lat' dir='ltr'>id</span> <span class='ocrx_word' id='word_1_86' title='bbox 762 1117 1026 1204; x_wconf 88' lang='lat' dir='ltr'>est,miracula,</span> <span class='ocrx_word' id='word_1_87' title='bbox 1068 1118 1173 1189; x_wconf 90' lang='lat' dir='ltr'>veluti</span> <span class='ocrx_word' id='word_1_88' title='bbox 1208 1120 1312 1219; x_wconf 88' lang='lat' dir='ltr'>sigilla</span> <span class='ocrx_word' id='word_1_89' title='bbox 1332 1121 1478 1195; x_wconf 86' lang='lat' dir='ltr'>veritatis</span> <span class='ocrx_word' id='word_1_90' title='bbox 1523 1166 1575 1215; x_wconf 81' lang='lat'>1⁷·</span> <span class='ocrx_word' id='word_1_91' title='bbox 1595 1151 1753 1232; x_wconf 55' lang='lat' dir='ltr'>segma.</span> 
     </span>
     <span class='ocr_line' id='line_1_11' title="bbox 250 1209 1752 1317; baseline 0.007 -37"><span class='ocrx_word' id='word_1_92' title='bbox 250 1209 415 1286; x_wconf 83' lang='lat' dir='ltr'>divinitils</span> <span class='ocrx_word' id='word_1_93' title='bbox 426 1219 674 1290; x_wconf 76' lang='lat' dir='ltr'>annunciata&amp;</span> <span class='ocrx_word' id='word_1_94' title='bbox 683 1216 964 1317; x_wconf 56' lang='lat' dir='ltr'>creditaenosam</span> <span class='ocrx_word' id='word_1_95' title='bbox 974 1238 1314 1303; x_wconf 61' lang='lat' dir='ltr'>cnroiorniittmnc</span> <span class='ocrx_word' id='word_1_96' title='bbox 1333 1243 1479 1317; x_wconf 64' lang='lat' dir='ltr'>erev.</span> <span class='ocrx_word' id='word_1_97' title='bbox 1492 1242 1552 1284; x_wconf 86' lang='lat' dir='ltr'>tem</span> <span class='ocrx_word' id='word_1_98' title='bbox 1563 1245 1613 1286; x_wconf 84' lang='lat' dir='ltr'>cos</span> <span class='ocrx_word' id='word_1_99' title='bbox 1627 1233 1752 1309; x_wconf 63' lang='lat' dir='ltr'>quierea</span> 
     </span>
     <span class='ocr_line' id='line_1_12' title="bbox 257 1302 1732 1414; baseline 0.012 -40"><span class='ocrx_word' id='word_1_100' title='bbox 257 1329 329 1380; x_wconf 81' lang='lat' dir='ltr'>ruit</span> <span class='ocrx_word' id='word_1_101' title='bbox 344 1361 355 1393; x_wconf 90' lang='lat'>,</span> <span class='ocrx_word' id='word_1_102' title='bbox 380 1337 435 1380; x_wconf 90' lang='lat' dir='ltr'>me</span> <span class='ocrx_word' id='word_1_103' title='bbox 450 1309 575 1383; x_wconf 89' lang='lat' dir='ltr'>scilicet&#39;</span> <span class='ocrx_word' id='word_1_104' title='bbox 585 1335 749 1412; x_wconf 82' lang='lat' dir='ltr'>operante:</span> <span class='ocrx_word' id='word_1_105' title='bbox 759 1337 815 1410; x_wconf 89' lang='lat' dir='ltr'>qu.</span> <span class='ocrx_word' id='word_1_106' title='bbox 831 1316 863 1385; x_wconf 90' lang='lat' dir='ltr'>d.</span> <span class='ocrx_word' id='word_1_107' title='bbox 878 1313 997 1384; x_wconf 84' lang='lat' dir='ltr'>Nolite</span> <span class='ocrx_word' id='word_1_108' title='bbox 1010 1311 1129 1382; x_wconf 86' lang='lat' dir='ltr'>soliciti</span> <span class='ocrx_word' id='word_1_109' title='bbox 1146 1311 1218 1398; x_wconf 80' lang='lat' dir='ltr'>else,</span> <span class='ocrx_word' id='word_1_110' title='bbox 1236 1338 1276 1383; x_wconf 87' lang='lat' dir='ltr'>ne</span> <span class='ocrx_word' id='word_1_111' title='bbox 1289 1319 1384 1387; x_wconf 91' lang='lat' dir='ltr'>vobis</span> <span class='ocrx_word' id='word_1_112' title='bbox 1398 1343 1477 1414; x_wconf 81' lang='lat' dir='ltr'>prae-</span> <span class='ocrx_word' id='word_1_113' title='bbox 1493 1302 1641 1370; x_wconf 76' lang='lat' dir='ltr'>diderint,</span> <span class='ocrx_word' id='word_1_114' title='bbox 1670 1312 1732 1368; x_wconf 72' lang='lat'>¹¹²⁶</span> 
     </span>
     <span class='ocr_line' id='line_1_13' title="bbox 255 1373 1750 1521; baseline 0.011 -47"><span class='ocrx_word' id='word_1_115' title='bbox 255 1405 441 1481; x_wconf 80' lang='lat' dir='ltr'>ditantibus</span> <span class='ocrx_word' id='word_1_116' title='bbox 460 1435 512 1481; x_wconf 90' lang='lat' dir='ltr'>res</span> <span class='ocrx_word' id='word_1_117' title='bbox 536 1409 734 1496; x_wconf 77' lang='lat' dir='ltr'>invisibiles,</span> <span class='ocrx_word' id='word_1_118' title='bbox 754 1411 954 1508; x_wconf 72' lang='lat' dir='ltr'>omnquue</span> <span class='ocrx_word' id='word_1_119' title='bbox 985 1431 1116 1509; x_wconf 91' lang='lat' dir='ltr'>captum</span> <span class='ocrx_word' id='word_1_120' title='bbox 1141 1406 1357 1508; x_wconf 83' lang='lat' dir='ltr'>superantes,</span> <span class='ocrx_word' id='word_1_121' title='bbox 1380 1438 1479 1487; x_wconf 89' lang='lat' dir='ltr'>nemo</span> <span class='ocrx_word' id='word_1_122' title='bbox 1493 1373 1667 1474; x_wconf 68' lang='lat' dir='ltr'>sequentur:</span> <span class='ocrx_word' id='word_1_123' title='bbox 1688 1386 1750 1521; x_wconf 58' lang='lat'>3¹¹¹</span> 
     </span>
     <span class='ocr_line' id='line_1_14' title="bbox 256 1477 1751 1614; baseline 0.01 -44"><span class='ocrx_word' id='word_1_124' title='bbox 256 1503 397 1592; x_wconf 87' lang='lat' dir='ltr'>credat,</span> <span class='ocrx_word' id='word_1_125' title='bbox 434 1533 497 1608; x_wconf 86' lang='lat' dir='ltr'>ego</span> <span class='ocrx_word' id='word_1_126' title='bbox 517 1507 681 1578; x_wconf 87' lang='lat' dir='ltr'>miraculis</span> <span class='ocrx_word' id='word_1_127' title='bbox 711 1511 885 1592; x_wconf 81' lang='lat' dir='ltr'>veritatem</span> <span class='ocrx_word' id='word_1_128' title='bbox 912 1505 1149 1605; x_wconf 79' lang='lat' dir='ltr'>praedicationis</span> <span class='ocrx_word' id='word_1_129' title='bbox 1171 1506 1278 1579; x_wconf 84' lang='lat' dir='ltr'>vestrae</span> <span class='ocrx_word' id='word_1_130' title='bbox 1302 1477 1751 1614; x_wconf 50' lang='lat' dir='ltr'>figlllaboniib&#39;ilieinjscleeii</span> 
     </span>
     <span class='ocr_line' id='line_1_15' title="bbox 257 1597 1747 1768; baseline 0.009 -98"><span class='ocrx_word' id='word_1_131' title='bbox 257 1597 414 1768; x_wconf 64' lang='lat' dir='ltr'>vobisgue</span> <span class='ocrx_word' id='word_1_132' title='bbox 441 1607 672 1675; x_wconf 74' lang='lat' dir='ltr'>audioritarem</span> <span class='ocrx_word' id='word_1_133' title='bbox 695 1605 882 1676; x_wconf 75' lang='lat' dir='ltr'>conciliabo</span> <span class='ocrx_word' id='word_1_134' title='bbox 908 1611 944 1674; x_wconf 79' lang='lat' dir='ltr'>dc</span> <span class='ocrx_word' id='word_1_135' title='bbox 961 1601 1071 1676; x_wconf 89' lang='lat' dir='ltr'>fidem.</span> <span class='ocrx_word' id='word_1_136' title='bbox 1109 1601 1271 1675; x_wconf 83' lang='lat' dir='ltr'>Caetertlm</span> <span class='ocrx_word' id='word_1_137' title='bbox 1295 1611 1478 1683; x_wconf 87' lang='lat' dir='ltr'>notandum</span> <span class='ocrx_word' id='word_1_138' title='bbox 1493 1613 1602 1694; x_wconf 80' lang='lat' dir='ltr'>linguis</span> <span class='ocrx_word' id='word_1_139' title='bbox 1624 1615 1747 1696; x_wconf 75' lang='lat' dir='ltr'>loquen-</span> 
     </span>
    </p>
   </div>
   <div class='ocr_carea' id='block_1_2' title="bbox 257 1693 1661 1822">
    <p class='ocr_par' dir='ltr' id='par_1_11' title="bbox 257 1693 1661 1822">
     <span class='ocr_line' id='line_1_16' title="bbox 257 1693 1661 1822; baseline 0.004 -53"><span class='ocrx_word' id='word_1_140' title='bbox 257 1698 328 1780; x_wconf 88' lang='lat' dir='ltr'>cst,</span> <span class='ocrx_word' id='word_1_141' title='bbox 383 1700 516 1771; x_wconf 85' lang='lat' dir='ltr'>hristum</span> <span class='ocrx_word' id='word_1_142' title='bbox 536 1727 604 1782; x_wconf 81' lang='lat' dir='ltr'>noir</span> <span class='ocrx_word' id='word_1_143' title='bbox 629 1701 761 1787; x_wconf 90' lang='lat' dir='ltr'>dicere,</span> <span class='ocrx_word' id='word_1_144' title='bbox 781 1703 871 1802; x_wconf 81' lang='lat' dir='ltr'>qobd</span> <span class='ocrx_word' id='word_1_145' title='bbox 891 1701 946 1770; x_wconf 85' lang='lat' dir='ltr'>illa</span> <span class='ocrx_word' id='word_1_146' title='bbox 959 1699 1050 1822; x_wconf 80' lang='lat' dir='ltr'>signa</span> <span class='ocrx_word' id='word_1_147' title='bbox 1074 1698 1246 1799; x_wconf 88' lang='lat' dir='ltr'>sequentur</span> <span class='ocrx_word' id='word_1_148' title='bbox 1264 1728 1378 1776; x_wconf 86' lang='lat' dir='ltr'>omnes</span> <span class='ocrx_word' id='word_1_149' title='bbox 1397 1705 1479 1778; x_wconf 89' lang='lat' dir='ltr'>fide-</span> <span class='ocrx_word' id='word_1_150' title='bbox 1494 1709 1540 1752; x_wconf 75' lang='lat'>¹¹¹¹</span> <span class='ocrx_word' id='word_1_151' title='bbox 1556 1693 1661 1755; x_wconf 58' lang='lat' dir='ltr'>&#39;’Ml“</span> 
     </span>
    </p>
   </div>
   <div class='ocr_carea' id='block_1_3' title="bbox 257 1796 1481 1967">
    <p class='ocr_par' dir='ltr' id='par_1_12' title="bbox 257 1796 1481 1967">
     <span class='ocr_line' id='line_1_17' title="bbox 257 1796 1481 1967; baseline 0.009 -103"><span class='ocrx_word' id='word_1_152' title='bbox 257 1796 304 1864; x_wconf 91' lang='lat' dir='ltr'>les</span> <span class='ocrx_word' id='word_1_153' title='bbox 331 1847 342 1880; x_wconf 89' lang='lat'>,</span> <span class='ocrx_word' id='word_1_154' title='bbox 373 1822 481 1896; x_wconf 88' lang='lat' dir='ltr'>neque</span> <span class='ocrx_word' id='word_1_155' title='bbox 504 1801 595 1897; x_wconf 84' lang='lat' dir='ltr'>qubd</span> <span class='ocrx_word' id='word_1_156' title='bbox 620 1796 774 1967; x_wconf 84' lang='lat' dir='ltr'>semper,</span> <span class='ocrx_word' id='word_1_157' title='bbox 808 1823 915 1897; x_wconf 89' lang='lat' dir='ltr'>neque</span> <span class='ocrx_word' id='word_1_158' title='bbox 943 1800 1033 1896; x_wconf 90' lang='lat' dir='ltr'>quod</span> <span class='ocrx_word' id='word_1_159' title='bbox 1058 1796 1363 1898; x_wconf 45' lang='lat' dir='ltr'>singulos‘omnia,</span> <span class='ocrx_word' id='word_1_160' title='bbox 1389 1804 1481 1902; x_wconf 75' lang='lat' dir='ltr'>quiid</span> 
     </span>
    </p>
   </div>
   <div class='ocr_carea' id='block_1_4' title="bbox 162 1891 1745 4910">
    <p class='ocr_par' dir='ltr' id='par_1_13' title="bbox 162 1891 1745 4910">
     <span class='ocr_line' id='line_1_18' title="bbox 256 1891 1482 2001; baseline 0.006 -36"><span class='ocrx_word' id='word_1_161' title='bbox 256 1891 396 1965; x_wconf 75' lang='lat' dir='ltr'>stariind</span> <span class='ocrx_word' id='word_1_162' title='bbox 424 1896 565 1995; x_wconf 80' lang='lat' dir='ltr'>suscepta</span> <span class='ocrx_word' id='word_1_163' title='bbox 576 1894 642 1968; x_wconf 90' lang='lat' dir='ltr'>fide</span> <span class='ocrx_word' id='word_1_164' title='bbox 658 1896 738 1992; x_wconf 77' lang='lat' dir='ltr'>:ed</span> <span class='ocrx_word' id='word_1_165' title='bbox 760 1893 868 1967; x_wconf 89' lang='lat' dir='ltr'>sensus</span> <span class='ocrx_word' id='word_1_166' title='bbox 884 1893 928 1966; x_wconf 88' lang='lat' dir='ltr'>est</span> <span class='ocrx_word' id='word_1_167' title='bbox 938 1948 950 1981; x_wconf 92' lang='lat'>,</span> <span class='ocrx_word' id='word_1_168' title='bbox 972 1895 1090 1990; x_wconf 77' lang='lat' dir='ltr'>quod,</span> <span class='ocrx_word' id='word_1_169' title='bbox 1112 1893 1270 1994; x_wconf 89' lang='lat' dir='ltr'>sicutipse</span> <span class='ocrx_word' id='word_1_170' title='bbox 1291 1896 1388 2001; x_wconf 90' lang='lat' dir='ltr'>signis</span> <span class='ocrx_word' id='word_1_171' title='bbox 1403 1926 1482 2000; x_wconf 77' lang='lat' dir='ltr'>pra·</span> 
     </span>
     <span class='ocr_line' id='line_1_19' title="bbox 162 1987 1483 2091; baseline 0.008 -31"><span class='ocrx_word' id='word_1_172' title='bbox 162 2069 166 2078; x_wconf 88' lang='lat'><em>.</em></span> <span class='ocrx_word' id='word_1_173' title='bbox 257 1990 460 2063; x_wconf 87' lang='lat' dir='ltr'>dicationem</span> <span class='ocrx_word' id='word_1_174' title='bbox 481 1993 571 2066; x_wconf 92' lang='lat' dir='ltr'>suam</span> <span class='ocrx_word' id='word_1_175' title='bbox 597 1992 791 2064; x_wconf 87' lang='lat' dir='ltr'>credibilem</span> <span class='ocrx_word' id='word_1_176' title='bbox 815 1987 956 2081; x_wconf 86' lang='lat' dir='ltr'>fecerat,</span> <span class='ocrx_word' id='word_1_177' title='bbox 976 1996 1109 2089; x_wconf 87' lang='lat' dir='ltr'>quando</span> <span class='ocrx_word' id='word_1_178' title='bbox 1128 2018 1208 2091; x_wconf 86' lang='lat' dir='ltr'>opus</span> <span class='ocrx_word' id='word_1_179' title='bbox 1228 2017 1321 2078; x_wconf 84' lang='lat' dir='ltr'>erat3</span> <span class='ocrx_word' id='word_1_180' title='bbox 1347 1995 1405 2069; x_wconf 82' lang='lat' dir='ltr'>ita·</span> <span class='ocrx_word' id='word_1_181' title='bbox 1423 2023 1483 2070; x_wconf 89' lang='lat' dir='ltr'>nec</span> 
     </span>
     <span class='ocr_line' id='line_1_20' title="bbox 253 2087 1483 2195; baseline 0.007 -38"><span class='ocrx_word' id='word_1_182' title='bbox 253 2088 463 2162; x_wconf 76' lang='lat' dir='ltr'>credentibus</span> <span class='ocrx_word' id='word_1_183' title='bbox 492 2093 525 2162; x_wconf 82' lang='lat' dir='ltr'>in</span> <span class='ocrx_word' id='word_1_184' title='bbox 545 2089 602 2176; x_wconf 90' lang='lat' dir='ltr'>sc,</span> <span class='ocrx_word' id='word_1_185' title='bbox 625 2087 677 2160; x_wconf 90' lang='lat' dir='ltr'>seu</span> <span class='ocrx_word' id='word_1_186' title='bbox 698 2088 840 2162; x_wconf 73' lang='lat' dir='ltr'>Ecclesia</span> <span class='ocrx_word' id='word_1_187' title='bbox 862 2089 921 2161; x_wconf 85' lang='lat' dir='ltr'>suae</span> <span class='ocrx_word' id='word_1_188' title='bbox 945 2090 1108 2177; x_wconf 90' lang='lat' dir='ltr'>deerunt,</span> <span class='ocrx_word' id='word_1_189' title='bbox 1139 2089 1214 2164; x_wconf 82' lang='lat' dir='ltr'>cirin</span> <span class='ocrx_word' id='word_1_190' title='bbox 1237 2095 1280 2163; x_wconf 88' lang='lat' dir='ltr'>ad</span> <span class='ocrx_word' id='word_1_191' title='bbox 1299 2117 1483 2195; x_wconf 85' lang='lat' dir='ltr'>propagan-</span> 
     </span>
     <span class='ocr_line' id='line_1_21' title="bbox 256 2183 1484 2286; baseline 0.007 -31"><span class='ocrx_word' id='word_1_192' title='bbox 256 2185 337 2255; x_wconf 85' lang='lat' dir='ltr'>dam</span> <span class='ocrx_word' id='word_1_193' title='bbox 361 2185 656 2285; x_wconf 87' lang='lat' dir='ltr'>stabiliendamque</span> <span class='ocrx_word' id='word_1_194' title='bbox 676 2187 754 2258; x_wconf 85' lang='lat' dir='ltr'>fidei</span> <span class='ocrx_word' id='word_1_195' title='bbox 774 2184 1036 2286; x_wconf 72' lang='lat' dir='ltr'>predicationem</span> <span class='ocrx_word' id='word_1_196' title='bbox 1067 2183 1165 2260; x_wconf 82' lang='lat' dir='ltr'>suerit</span> <span class='ocrx_word' id='word_1_197' title='bbox 1192 2187 1423 2262; x_wconf 87' lang='lat' dir='ltr'>necessarium:</span> <span class='ocrx_word' id='word_1_198' title='bbox 1444 2191 1484 2264; x_wconf 90' lang='lat' dir='ltr'>fi·</span> 
     </span>
     <span class='ocr_line' id='line_1_22' title="bbox 253 2283 1482 2385; baseline 0.004 -33"><span class='ocrx_word' id='word_1_199' title='bbox 253 2285 307 2352; x_wconf 87' lang='lat' dir='ltr'>ais</span> <span class='ocrx_word' id='word_1_200' title='bbox 330 2285 419 2353; x_wconf 85' lang='lat' dir='ltr'>enim</span> <span class='ocrx_word' id='word_1_201' title='bbox 435 2287 665 2356; x_wconf 83' lang='lat' dir='ltr'>miraculorum</span> <span class='ocrx_word' id='word_1_202' title='bbox 690 2283 733 2355; x_wconf 87' lang='lat' dir='ltr'>est</span> <span class='ocrx_word' id='word_1_203' title='bbox 785 2285 890 2355; x_wconf 86' lang='lat' dir='ltr'>ublica</span> <span class='ocrx_word' id='word_1_204' title='bbox 907 2285 1048 2357; x_wconf 88' lang='lat' dir='ltr'>utilitas.</span> <span class='ocrx_word' id='word_1_205' title='bbox 1083 2288 1129 2358; x_wconf 82' lang='lat' dir='ltr'>Er</span> <span class='ocrx_word' id='word_1_206' title='bbox 1150 2311 1218 2385; x_wconf 91' lang='lat' dir='ltr'>quo</span> <span class='ocrx_word' id='word_1_207' title='bbox 1238 2285 1334 2358; x_wconf 68' lang='lat' dir='ltr'>facile</span> <span class='ocrx_word' id='word_1_208' title='bbox 1356 2289 1482 2360; x_wconf 85' lang='lat' dir='ltr'>intelli-</span> 
     </span>
     <span class='ocr_line' id='line_1_23' title="bbox 255 2311 1484 2482; baseline 0.009 -34"><span class='ocrx_word' id='word_1_209' title='bbox 255 2382 375 2482; x_wconf 85' lang='lat' dir='ltr'>gitur,</span> <span class='ocrx_word' id='word_1_210' title='bbox 410 2409 465 2454; x_wconf 88' lang='lat' dir='ltr'>rur</span> <span class='ocrx_word' id='word_1_211' title='bbox 493 2407 552 2454; x_wconf 91' lang='lat' dir='ltr'>nec</span> <span class='ocrx_word' id='word_1_212' title='bbox 584 2381 739 2455; x_wconf 89' lang='lat' dir='ltr'>omnibus</span> <span class='ocrx_word' id='word_1_213' title='bbox 762 2311 914 2454; x_wconf 76' lang='lat' dir='ltr'>bdelibos</span> <span class='ocrx_word' id='word_1_214' title='bbox 941 2381 998 2454; x_wconf 85' lang='lat' dir='ltr'>illa</span> <span class='ocrx_word' id='word_1_215' title='bbox 1023 2379 1111 2481; x_wconf 85' lang='lat' dir='ltr'>signa</span> <span class='ocrx_word' id='word_1_216' title='bbox 1131 2386 1278 2470; x_wconf 87' lang='lat' dir='ltr'>dentur,</span> <span class='ocrx_word' id='word_1_217' title='bbox 1301 2409 1361 2455; x_wconf 91' lang='lat' dir='ltr'>nec</span> <span class='ocrx_word' id='word_1_218' title='bbox 1388 2392 1484 2458; x_wconf 90' lang='lat' dir='ltr'>omni</span> 
     </span>
     <span class='ocr_line' id='line_1_24' title="bbox 257 2478 1482 2576; baseline 0.009 -32"><span class='ocrx_word' id='word_1_219' title='bbox 257 2497 429 2575; x_wconf 86' lang='lat' dir='ltr'>tempore,</span> <span class='ocrx_word' id='word_1_220' title='bbox 448 2505 507 2552; x_wconf 92' lang='lat' dir='ltr'>nec</span> <span class='ocrx_word' id='word_1_221' title='bbox 527 2482 621 2552; x_wconf 88' lang='lat' dir='ltr'>omni</span> <span class='ocrx_word' id='word_1_222' title='bbox 643 2481 744 2566; x_wconf 92' lang='lat' dir='ltr'>loco,</span> <span class='ocrx_word' id='word_1_223' title='bbox 761 2505 820 2550; x_wconf 90' lang='lat' dir='ltr'>nec</span> <span class='ocrx_word' id='word_1_224' title='bbox 842 2479 955 2550; x_wconf 86' lang='lat' dir='ltr'>omnia</span> <span class='ocrx_word' id='word_1_225' title='bbox 975 2532 988 2565; x_wconf 89' lang='lat'>,</span> <span class='ocrx_word' id='word_1_226' title='bbox 1018 2483 1096 2576; x_wconf 88' lang='lat' dir='ltr'>quia</span> <span class='ocrx_word' id='word_1_227' title='bbox 1124 2478 1292 2552; x_wconf 84' lang='lat' dir='ltr'>neceffitas</span> <span class='ocrx_word' id='word_1_228' title='bbox 1310 2482 1482 2571; x_wconf 66' lang='lat' dir='ltr'>tecleda,</span> 
     </span>
     <span class='ocr_line' id='line_1_25' title="bbox 259 2573 1485 2677; baseline 0.01 -37"><span class='ocrx_word' id='word_1_229' title='bbox 259 2575 312 2643; x_wconf 91' lang='lat' dir='ltr'>vel</span> <span class='ocrx_word' id='word_1_230' title='bbox 328 2579 577 2674; x_wconf 70' lang='lat' dir='ltr'>predicantium</span> <span class='ocrx_word' id='word_1_231' title='bbox 597 2579 659 2649; x_wconf 90' lang='lat' dir='ltr'>hoe</span> <span class='ocrx_word' id='word_1_232' title='bbox 673 2602 741 2648; x_wconf 82' lang='lat' dir='ltr'>non</span> <span class='ocrx_word' id='word_1_233' title='bbox 754 2573 895 2674; x_wconf 87' lang='lat' dir='ltr'>exposcit</span> <span class='ocrx_word' id='word_1_234' title='bbox 913 2633 924 2658; x_wconf 89' lang='lat'>,</span> <span class='ocrx_word' id='word_1_235' title='bbox 944 2575 1021 2649; x_wconf 84' lang='lat' dir='ltr'>licut</span> <span class='ocrx_word' id='word_1_236' title='bbox 1043 2578 1140 2649; x_wconf 90' lang='lat' dir='ltr'>initio</span> <span class='ocrx_word' id='word_1_237' title='bbox 1163 2578 1401 2677; x_wconf 74' lang='lat' dir='ltr'>predicationis</span> <span class='ocrx_word' id='word_1_238' title='bbox 1425 2607 1485 2652; x_wconf 85' lang='lat' dir='ltr'>ex-</span> 
     </span>
     <span class='ocr_line' id='line_1_26' title="bbox 257 2670 1484 2778; baseline 0.005 -35"><span class='ocrx_word' id='word_1_239' title='bbox 257 2670 428 2770; x_wconf 85' lang='lat' dir='ltr'>poscebat,</span> <span class='ocrx_word' id='word_1_240' title='bbox 453 2702 489 2748; x_wconf 92' lang='lat' dir='ltr'>ut</span> <span class='ocrx_word' id='word_1_241' title='bbox 508 2677 705 2778; x_wconf 76' lang='lat' dir='ltr'>Gregloco</span> <span class='ocrx_word' id='word_1_242' title='bbox 719 2677 774 2747; x_wconf 91' lang='lat' dir='ltr'>cit.</span> <span class='ocrx_word' id='word_1_243' title='bbox 790 2674 961 2748; x_wconf 89' lang='lat' dir='ltr'>Miraculis</span> <span class='ocrx_word' id='word_1_244' title='bbox 978 2680 1066 2744; x_wconf 89' lang='lat' dir='ltr'>enim</span> <span class='ocrx_word' id='word_1_245' title='bbox 1074 2674 1256 2747; x_wconf 89' lang='lat' dir='ltr'>multitudo</span> <span class='ocrx_word' id='word_1_246' title='bbox 1264 2677 1484 2764; x_wconf 89' lang='lat' dir='ltr'>credentium,</span> 
     </span>
     <span class='ocr_line' id='line_1_27' title="bbox 256 2769 1485 2873; baseline 0.006 -34"><span class='ocrx_word' id='word_1_247' title='bbox 256 2769 346 2843; x_wconf 81' lang='lat' dir='ltr'>uelut</span> <span class='ocrx_word' id='word_1_248' title='bbox 368 2773 499 2845; x_wconf 85' lang='lat' dir='ltr'>arbores</span> <span class='ocrx_word' id='word_1_249' title='bbox 513 2797 655 2846; x_wconf 87' lang='lat' dir='ltr'>recenter</span> <span class='ocrx_word' id='word_1_250' title='bbox 682 2775 858 2871; x_wconf 74' lang='lat' dir='ltr'>plantate,</span> <span class='ocrx_word' id='word_1_251' title='bbox 877 2770 1093 2873; x_wconf 86' lang='lat' dir='ltr'>rigationibus</span> <span class='ocrx_word' id='word_1_252' title='bbox 1114 2795 1199 2860; x_wconf 16' lang='lat' dir='ltr'>‘erat</span> <span class='ocrx_word' id='word_1_253' title='bbox 1222 2772 1422 2859; x_wconf 87' lang='lat' dir='ltr'>nutrienda,</span> <span class='ocrx_word' id='word_1_254' title='bbox 1449 2797 1485 2846; x_wconf 92' lang='lat' dir='ltr'>ut</span> 
     </span>
     <span class='ocr_line' id='line_1_28' title="bbox 256 2867 1484 2966; baseline 0.003 -30"><span class='ocrx_word' id='word_1_255' title='bbox 256 2891 314 2965; x_wconf 88' lang='lat' dir='ltr'>per</span> <span class='ocrx_word' id='word_1_256' title='bbox 334 2893 372 2939; x_wconf 86' lang='lat' dir='ltr'>ea</span> <span class='ocrx_word' id='word_1_257' title='bbox 394 2870 582 2941; x_wconf 80' lang='lat' dir='ltr'>Christiane</span> <span class='ocrx_word' id='word_1_258' title='bbox 600 2869 742 2942; x_wconf 72' lang='lat' dir='ltr'>Ecclesia</span> <span class='ocrx_word' id='word_1_259' title='bbox 770 2871 958 2940; x_wconf 82' lang='lat' dir='ltr'>fundaretur</span> <span class='ocrx_word' id='word_1_260' title='bbox 988 2867 1185 2953; x_wconf 67' lang='lat' dir='ltr'>auctoritas,</span> <span class='ocrx_word' id='word_1_261' title='bbox 1210 2868 1274 2966; x_wconf 69' lang='lat' dir='ltr'>qul</span> <span class='ocrx_word' id='word_1_262' title='bbox 1290 2869 1387 2938; x_wconf 88' lang='lat' dir='ltr'>seriiel</span> <span class='ocrx_word' id='word_1_263' title='bbox 1405 2869 1484 2940; x_wconf 88' lang='lat' dir='ltr'>fiin-</span> 
     </span>
     <span class='ocr_line' id='line_1_29' title="bbox 257 2959 1486 3066; baseline 0.005 -34"><span class='ocrx_word' id='word_1_264' title='bbox 257 2963 361 3046; x_wconf 72' lang='lat' dir='ltr'>dati,</span> <span class='ocrx_word' id='word_1_265' title='bbox 389 2973 425 3037; x_wconf 80' lang='lat' dir='ltr'>dc</span> <span class='ocrx_word' id='word_1_266' title='bbox 445 2966 583 3043; x_wconf 84' lang='lat' dir='ltr'>Ecclefia</span> <span class='ocrx_word' id='word_1_267' title='bbox 596 2971 663 3059; x_wconf 78' lang='lat' dir='ltr'>jam</span> <span class='ocrx_word' id='word_1_268' title='bbox 688 2991 743 3066; x_wconf 87' lang='lat' dir='ltr'>pet</span> <span class='ocrx_word' id='word_1_269' title='bbox 765 2966 879 3037; x_wconf 89' lang='lat' dir='ltr'>orbem</span> <span class='ocrx_word' id='word_1_270' title='bbox 893 2959 1030 3047; x_wconf 85' lang='lat' dir='ltr'>diffusa,</span> <span class='ocrx_word' id='word_1_271' title='bbox 1055 2987 1114 3032; x_wconf 88' lang='lat' dir='ltr'>nec</span> <span class='ocrx_word' id='word_1_272' title='bbox 1135 2965 1292 3035; x_wconf 87' lang='lat' dir='ltr'>miracula</span> <span class='ocrx_word' id='word_1_273' title='bbox 1315 2964 1486 3038; x_wconf 80' lang='lat' dir='ltr'>illaduiia-</span> 
     </span>
     <span class='ocr_line' id='line_1_30' title="bbox 258 3057 1484 3161; baseline 0.002 -29"><span class='ocrx_word' id='word_1_274' title='bbox 258 3083 293 3132; x_wconf 91' lang='lat' dir='ltr'>te</span> <span class='ocrx_word' id='word_1_275' title='bbox 310 3061 458 3161; x_wconf 82' lang='lat' dir='ltr'>permilla</span> <span class='ocrx_word' id='word_1_276' title='bbox 474 3065 564 3154; x_wconf 91' lang='lat' dir='ltr'>sunt,</span> <span class='ocrx_word' id='word_1_277' title='bbox 588 3091 630 3136; x_wconf 83' lang='lat' dir='ltr'>ne</span> <span class='ocrx_word' id='word_1_278' title='bbox 655 3068 785 3136; x_wconf 85' lang='lat' dir='ltr'>animus</span> <span class='ocrx_word' id='word_1_279' title='bbox 813 3059 937 3161; x_wconf 89' lang='lat' dir='ltr'>semper</span> <span class='ocrx_word' id='word_1_280' title='bbox 959 3057 1099 3130; x_wconf 77' lang='lat' dir='ltr'>visibilia</span> <span class='ocrx_word' id='word_1_281' title='bbox 1118 3084 1296 3161; x_wconf 76' lang='lat' dir='ltr'>quareret,</span> <span class='ocrx_word' id='word_1_282' title='bbox 1317 3064 1354 3130; x_wconf 81' lang='lat' dir='ltr'>dc</span> <span class='ocrx_word' id='word_1_283' title='bbox 1368 3087 1484 3135; x_wconf 85' lang='lat' dir='ltr'>eorum</span> 
     </span>
     <span class='ocr_line' id='line_1_31' title="bbox 257 3157 1484 3266; baseline 0.002 -39"><span class='ocrx_word' id='word_1_284' title='bbox 257 3158 493 3235; x_wconf 88' lang='lat' dir='ltr'>consuetudine</span> <span class='ocrx_word' id='word_1_285' title='bbox 510 3161 692 3266; x_wconf 88' lang='lat' dir='ltr'>frigesceret</span> <span class='ocrx_word' id='word_1_286' title='bbox 708 3186 810 3264; x_wconf 86' lang='lat' dir='ltr'>genus</span> <span class='ocrx_word' id='word_1_287' title='bbox 831 3161 1024 3244; x_wconf 87' lang='lat' dir='ltr'>humanum,</span> <span class='ocrx_word' id='word_1_288' title='bbox 1036 3181 1174 3256; x_wconf 90' lang='lat' dir='ltr'>quorum</span> <span class='ocrx_word' id='word_1_289' title='bbox 1187 3161 1338 3231; x_wconf 90' lang='lat' dir='ltr'>novitate</span> <span class='ocrx_word' id='word_1_290' title='bbox 1353 3157 1484 3258; x_wconf 85' lang='lat' dir='ltr'>flagrat,</span> 
     </span>
     <span class='ocr_line' id='line_1_32' title="bbox 258 3259 1484 3360; baseline -0.002 -34"><span class='ocrx_word' id='word_1_291' title='bbox 258 3277 297 3327; x_wconf 89' lang='lat' dir='ltr'>ut</span> <span class='ocrx_word' id='word_1_292' title='bbox 325 3259 457 3360; x_wconf 74' lang='lat' dir='ltr'>August.</span> <span class='ocrx_word' id='word_1_293' title='bbox 479 3262 535 3334; x_wconf 91' lang='lat' dir='ltr'>lib.</span> <span class='ocrx_word' id='word_1_294' title='bbox 557 3264 598 3352; x_wconf 87' lang='lat' dir='ltr'>de</span> <span class='ocrx_word' id='word_1_295' title='bbox 626 3287 702 3335; x_wconf 88' lang='lat' dir='ltr'>vera</span> <span class='ocrx_word' id='word_1_296' title='bbox 733 3259 824 3360; x_wconf 88' lang='lat' dir='ltr'>relig.</span> <span class='ocrx_word' id='word_1_297' title='bbox 850 3281 920 3356; x_wconf 86' lang='lat' dir='ltr'>cap.</span> <span class='ocrx_word' id='word_1_298' title='bbox 948 3281 993 3348; x_wconf 81' lang='lat'>25.</span> <span class='ocrx_word' id='word_1_299' title='bbox 1020 3280 1157 3328; x_wconf 74' lang='lat' dir='ltr'>circuis</span> <span class='ocrx_word' id='word_1_300' title='bbox 1182 3279 1392 3334; x_wconf 76' lang='lat' dir='ltr'>ioournruit</span> <span class='ocrx_word' id='word_1_301' title='bbox 1418 3280 1484 3327; x_wconf 81' lang='lat' dir='ltr'>no-</span> 
     </span>
     <span class='ocr_line' id='line_1_33' title="bbox 257 3352 1481 3458; baseline -0.002 -32"><span class='ocrx_word' id='word_1_302' title='bbox 257 3379 313 3426; x_wconf 82' lang='lat' dir='ltr'>tis</span> <span class='ocrx_word' id='word_1_303' title='bbox 329 3408 339 3438; x_wconf 90' lang='lat'>,</span> <span class='ocrx_word' id='word_1_304' title='bbox 355 3365 436 3458; x_wconf 81' lang='lat' dir='ltr'>quas</span> <span class='ocrx_word' id='word_1_305' title='bbox 461 3358 579 3430; x_wconf 91' lang='lat' dir='ltr'>scilicet</span> <span class='ocrx_word' id='word_1_306' title='bbox 600 3359 676 3430; x_wconf 71' lang='lat' dir='ltr'>ante</span> <span class='ocrx_word' id='word_1_307' title='bbox 703 3383 769 3429; x_wconf 86' lang='lat' dir='ltr'>non</span> <span class='ocrx_word' id='word_1_308' title='bbox 787 3378 973 3441; x_wconf 88' lang='lat' dir='ltr'>noverant,</span> <span class='ocrx_word' id='word_1_309' title='bbox 1008 3375 1068 3423; x_wconf 91' lang='lat' dir='ltr'>nec</span> <span class='ocrx_word' id='word_1_310' title='bbox 1093 3353 1275 3424; x_wconf 89' lang='lat' dir='ltr'>didicerant</span> <span class='ocrx_word' id='word_1_311' title='bbox 1296 3406 1308 3438; x_wconf 92' lang='lat'>,</span> <span class='ocrx_word' id='word_1_312' title='bbox 1339 3352 1481 3424; x_wconf 84' lang='lat' dir='ltr'>aliarum</span> 
     </span>
     <span class='ocr_line' id='line_1_34' title="bbox 258 3449 1480 3556; baseline -0.001 -35"><span class='ocrx_word' id='word_1_313' title='bbox 258 3476 375 3552; x_wconf 91' lang='lat' dir='ltr'>nempe</span> <span class='ocrx_word' id='word_1_314' title='bbox 389 3458 557 3556; x_wconf 85' lang='lat' dir='ltr'>gentiumi</span> <span class='ocrx_word' id='word_1_315' title='bbox 612 3459 676 3528; x_wconf 89' lang='lat' dir='ltr'>uod</span> <span class='ocrx_word' id='word_1_316' title='bbox 692 3457 786 3526; x_wconf 91' lang='lat' dir='ltr'>initio</span> <span class='ocrx_word' id='word_1_317' title='bbox 799 3450 940 3526; x_wconf 76' lang='lat' dir='ltr'>Ecclesia</span> <span class='ocrx_word' id='word_1_318' title='bbox 952 3472 1020 3522; x_wconf 83' lang='lat' dir='ltr'>erat</span> <span class='ocrx_word' id='word_1_319' title='bbox 1052 3449 1222 3534; x_wconf 88' lang='lat' dir='ltr'>familiare,</span> <span class='ocrx_word' id='word_1_320' title='bbox 1236 3472 1273 3522; x_wconf 88' lang='lat' dir='ltr'>iit</span> <span class='ocrx_word' id='word_1_321' title='bbox 1292 3449 1361 3521; x_wconf 82' lang='lat' dir='ltr'>citb</span> <span class='ocrx_word' id='word_1_322' title='bbox 1382 3449 1480 3546; x_wconf 72' lang='lat' dir='ltr'>&amp;sa-</span> 
     </span>
     <span class='ocr_line' id='line_1_35' title="bbox 257 3483 890 3654; baseline 0.006 -36"><span class='ocrx_word' id='word_1_323' title='bbox 257 3547 322 3619; x_wconf 72' lang='lat' dir='ltr'>eile</span> <span class='ocrx_word' id='word_1_324' title='bbox 353 3551 435 3626; x_wconf 86' lang='lat' dir='ltr'>sides</span> <span class='ocrx_word' id='word_1_325' title='bbox 457 3573 529 3624; x_wconf 89' lang='lat' dir='ltr'>roto</span> <span class='ocrx_word' id='word_1_326' title='bbox 555 3483 634 3625; x_wconf 80' lang='lat' dir='ltr'>orbe</span> <span class='ocrx_word' id='word_1_327' title='bbox 651 3573 890 3654; x_wconf 84' lang='lat' dir='ltr'>propagaretur.</span> 
     </span>
     <span class='ocr_line' id='line_1_36' title="bbox 295 3643 1745 3758; baseline -0.001 -38"><span class='ocrx_word' id='word_1_328' title='bbox 295 3656 339 3720; x_wconf 70' lang='grc' dir='ltr'>ιθ.</span> <span class='ocrx_word' id='word_1_329' title='bbox 363 3653 561 3724; x_wconf 74' lang='lat' dir='ltr'>Scrutaris</span> <span class='ocrx_word' id='word_1_330' title='bbox 584 3675 768 3737; x_wconf 81' lang='lat' dir='ltr'>roriritr,</span> <span class='ocrx_word' id='word_1_331' title='bbox 797 3651 831 3721; x_wconf 90' lang='lat' dir='ltr'>id</span> <span class='ocrx_word' id='word_1_332' title='bbox 850 3647 893 3718; x_wconf 90' lang='lat' dir='ltr'>est</span> <span class='ocrx_word' id='word_1_333' title='bbox 920 3701 934 3735; x_wconf 89' lang='lat'>,</span> <span class='ocrx_word' id='word_1_334' title='bbox 972 3667 1132 3718; x_wconf 83' lang='lat' dir='ltr'>venenata</span> <span class='ocrx_word' id='word_1_335' title='bbox 1145 3643 1304 3718; x_wconf 88' lang='lat' dir='ltr'>animalia</span> <span class='ocrx_word' id='word_1_336' title='bbox 1326 3645 1473 3719; x_wconf 86' lang='lat' dir='ltr'>auferent</span> <span class='ocrx_word' id='word_1_337' title='bbox 1522 3691 1568 3745; x_wconf 48' lang='grc' dir='ltr'>η,</span> <span class='ocrx_word' id='word_1_338' title='bbox 1591 3681 1745 3758; x_wconf 53' lang='lat' dir='ltr'>gum„</span> 
     </span>
     <span class='ocr_line' id='line_1_37' title="bbox 257 3747 1711 3848; baseline 0 -33"><span class='ocrx_word' id='word_1_339' title='bbox 257 3770 297 3816; x_wconf 88' lang='lat' dir='ltr'>eir</span> <span class='ocrx_word' id='word_1_340' title='bbox 318 3747 425 3836; x_wconf 91' lang='lat' dir='ltr'>locis,</span> <span class='ocrx_word' id='word_1_341' title='bbox 454 3747 571 3848; x_wconf 90' lang='lat' dir='ltr'>quibus</span> <span class='ocrx_word' id='word_1_342' title='bbox 590 3771 686 3822; x_wconf 81' lang='lat' dir='ltr'>erant</span> <span class='ocrx_word' id='word_1_343' title='bbox 708 3747 849 3820; x_wconf 80' lang='lat' dir='ltr'>infesta:</span> <span class='ocrx_word' id='word_1_344' title='bbox 872 3769 938 3830; x_wconf 81' lang='lat' dir='ltr'>ir,</span> <span class='ocrx_word' id='word_1_345' title='bbox 965 3770 994 3816; x_wconf 90' lang='lat' dir='ltr'>si</span> <span class='ocrx_word' id='word_1_346' title='bbox 1023 3767 1265 3818; x_wconf 81' lang='lat' dir='ltr'>iroitrirriiuir</span> <span class='ocrx_word' id='word_1_347' title='bbox 1279 3767 1364 3834; x_wconf 68' lang='lat' dir='ltr'>Qin</span> <span class='ocrx_word' id='word_1_348' title='bbox 1379 3768 1473 3816; x_wconf 83' lang='lat' dir='ltr'>siai·</span> <span class='ocrx_word' id='word_1_349' title='bbox 1486 3762 1613 3826; x_wconf 68' lang='lat' dir='ltr'>tollente</span> <span class='ocrx_word' id='word_1_350' title='bbox 1639 3766 1667 3818; x_wconf 84' lang='lat' dir='ltr'>ti</span> <span class='ocrx_word' id='word_1_351' title='bbox 1689 3756 1711 3814; x_wconf 82' lang='lat' dir='ltr'>ii</span> 
     </span>
     <span class='ocr_line' id='line_1_38' title="bbox 257 3831 1743 3939; baseline -0.003 -23"><span class='ocrx_word' id='word_1_352' title='bbox 257 3865 347 3918; x_wconf 79' lang='lat' dir='ltr'>stiur</span> <span class='ocrx_word' id='word_1_353' title='bbox 363 3901 373 3932; x_wconf 93' lang='lat'>,</span> <span class='ocrx_word' id='word_1_354' title='bbox 392 3872 467 3919; x_wconf 78' lang='lat' dir='ltr'>non</span> <span class='ocrx_word' id='word_1_355' title='bbox 486 3873 540 3918; x_wconf 84' lang='lat' dir='ltr'>ris</span> <span class='ocrx_word' id='word_1_356' title='bbox 564 3869 734 3917; x_wconf 80' lang='lat' dir='ltr'>vocrsir:</span> <span class='ocrx_word' id='word_1_357' title='bbox 755 3842 819 3926; x_wconf 87' lang='lat' dir='ltr'>sive</span> <span class='ocrx_word' id='word_1_358' title='bbox 833 3844 939 3915; x_wconf 75' lang='lat' dir='ltr'>coacti</span> <span class='ocrx_word' id='word_1_359' title='bbox 959 3842 978 3911; x_wconf 76' lang='lat' dir='ltr'>i</span> <span class='ocrx_word' id='word_1_360' title='bbox 999 3839 1255 3939; x_wconf 86' lang='lat' dir='ltr'>persecutoribus</span> <span class='ocrx_word' id='word_1_361' title='bbox 1277 3894 1289 3926; x_wconf 93' lang='lat'>,</span> <span class='ocrx_word' id='word_1_362' title='bbox 1311 3839 1377 3912; x_wconf 92' lang='lat' dir='ltr'>sive</span> <span class='ocrx_word' id='word_1_363' title='bbox 1399 3845 1471 3915; x_wconf 86' lang='lat' dir='ltr'>casu</span> <span class='ocrx_word' id='word_1_364' title='bbox 1486 3835 1638 3932; x_wconf 56' lang='lat' dir='ltr'>triffilfssfi</span> <span class='ocrx_word' id='word_1_365' title='bbox 1671 3831 1743 3912; x_wconf 84' lang='lat' dir='ltr'>quid</span> 
     </span>
     <span class='ocr_line' id='line_1_39' title="bbox 254 3918 1742 4051; baseline -0.001 -40"><span class='ocrx_word' id='word_1_366' title='bbox 254 3961 314 4042; x_wconf 91' lang='lat' dir='ltr'>per</span> <span class='ocrx_word' id='word_1_367' title='bbox 334 3947 572 4044; x_wconf 65' lang='lat' dir='ltr'>ignorantiam</span> <span class='ocrx_word' id='word_1_368' title='bbox 599 3969 665 4015; x_wconf 87' lang='lat' dir='ltr'>non</span> <span class='ocrx_word' id='word_1_369' title='bbox 687 3946 774 4012; x_wconf 91' lang='lat' dir='ltr'>enim</span> <span class='ocrx_word' id='word_1_370' title='bbox 793 3939 1042 4011; x_wconf 83' lang='lat' dir='ltr'>ostentatoribus</span> <span class='ocrx_word' id='word_1_371' title='bbox 1072 3936 1147 4007; x_wconf 89' lang='lat' dir='ltr'>talis</span> <span class='ocrx_word' id='word_1_372' title='bbox 1173 3939 1280 4036; x_wconf 87' lang='lat' dir='ltr'>gratia</span> <span class='ocrx_word' id='word_1_373' title='bbox 1307 3941 1474 4035; x_wconf 90' lang='lat' dir='ltr'>promitti·</span> <span class='ocrx_word' id='word_1_374' title='bbox 1487 3918 1652 4051; x_wconf 54' lang='lat' dir='ltr'>bibermtbg</span> <span class='ocrx_word' id='word_1_375' title='bbox 1667 3930 1742 4045; x_wconf 60' lang='lat' dir='ltr'>”sff&#39;</span> 
     </span>
     <span class='ocr_line' id='line_1_40' title="bbox 256 4011 1743 4154; baseline -0.001 -45"><span class='ocrx_word' id='word_1_376' title='bbox 256 4059 320 4112; x_wconf 85' lang='lat' dir='ltr'>tur.</span> <span class='ocrx_word' id='word_1_377' title='bbox 375 4035 546 4113; x_wconf 77' lang='lat' dir='ltr'>videndus</span> <span class='ocrx_word' id='word_1_378' title='bbox 574 4041 616 4111; x_wconf 86' lang='lat' dir='ltr'>est</span> <span class='ocrx_word' id='word_1_379' title='bbox 638 4038 748 4114; x_wconf 86' lang='lat' dir='ltr'>Euleb.</span> <span class='ocrx_word' id='word_1_380' title='bbox 778 4037 834 4109; x_wconf 87' lang='lat' dir='ltr'>lib.</span> <span class='ocrx_word' id='word_1_381' title='bbox 850 4057 875 4120; x_wconf 81' lang='lat'>3.</span> <span class='ocrx_word' id='word_1_382' title='bbox 893 4033 1043 4106; x_wconf 74' lang='lat' dir='ltr'>Historia</span> <span class='ocrx_word' id='word_1_383' title='bbox 1052 4057 1121 4131; x_wconf 90' lang='lat' dir='ltr'>cap.</span> <span class='ocrx_word' id='word_1_384' title='bbox 1143 4057 1195 4116; x_wconf 89' lang='lat'>29.</span> <span class='ocrx_word' id='word_1_385' title='bbox 1214 4034 1314 4106; x_wconf 83' lang='lat' dir='ltr'>Porib</span> <span class='ocrx_word' id='word_1_386' title='bbox 1340 4032 1399 4106; x_wconf 91' lang='lat' dir='ltr'>sub</span> <span class='ocrx_word' id='word_1_387' title='bbox 1422 4035 1473 4108; x_wconf 91' lang='lat' dir='ltr'>liis</span> <span class='ocrx_word' id='word_1_388' title='bbox 1485 4011 1743 4154; x_wconf 46' lang='grc' dir='ltr'>ἓξῗξζοωζωῃς</span> 
     </span>
     <span class='ocr_line' id='line_1_41' title="bbox 254 4131 1709 4231; baseline -0.004 -23"><span class='ocrx_word' id='word_1_389' title='bbox 254 4135 423 4209; x_wconf 89' lang='lat' dir='ltr'>miraculis</span> <span class='ocrx_word' id='word_1_390' title='bbox 447 4137 717 4211; x_wconf 87' lang='lat' dir='ltr'>crebrioribus&amp;</span> <span class='ocrx_word' id='word_1_391' title='bbox 731 4132 912 4205; x_wconf 88' lang='lat' dir='ltr'>minoribus</span> <span class='ocrx_word' id='word_1_392' title='bbox 931 4132 994 4200; x_wconf 90' lang='lat' dir='ltr'>alia</span> <span class='ocrx_word' id='word_1_393' title='bbox 1004 4131 1123 4202; x_wconf 90' lang='lat' dir='ltr'>rariora</span> <span class='ocrx_word' id='word_1_394' title='bbox 1151 4133 1190 4198; x_wconf 75' lang='grc' dir='ltr'>δι</span> <span class='ocrx_word' id='word_1_395' title='bbox 1212 4133 1361 4231; x_wconf 87' lang='lat' dir='ltr'>graviora</span> <span class='ocrx_word' id='word_1_396' title='bbox 1375 4134 1473 4204; x_wconf 85' lang='lat' dir='ltr'>intel·</span> <span class='ocrx_word' id='word_1_397' title='bbox 1487 4156 1658 4230; x_wconf 69' lang='lat' dir='ltr'>imponenr‚</span> <span class='ocrx_word' id='word_1_398' title='bbox 1680 4151 1709 4202; x_wconf 79' lang='lat' dir='ltr'>sc</span> 
     </span>
     <span class='ocr_line' id='line_1_42' title="bbox 254 4223 1739 4317; baseline -0.001 -14"><span class='ocrx_word' id='word_1_399' title='bbox 254 4231 344 4304; x_wconf 68' lang='lat' dir='ltr'>ledia</span> <span class='ocrx_word' id='word_1_400' title='bbox 374 4235 507 4316; x_wconf 90' lang='lat' dir='ltr'>voluit,</span> <span class='ocrx_word' id='word_1_401' title='bbox 537 4260 572 4307; x_wconf 90' lang='lat' dir='ltr'>ut</span> <span class='ocrx_word' id='word_1_402' title='bbox 589 4231 828 4306; x_wconf 87' lang='lat' dir='ltr'>suscitationem</span> <span class='ocrx_word' id='word_1_403' title='bbox 848 4252 1053 4302; x_wconf 89' lang='lat' dir='ltr'>mortuorum</span> <span class='ocrx_word' id='word_1_404' title='bbox 1073 4282 1086 4315; x_wconf 90' lang='lat'>,</span> <span class='ocrx_word' id='word_1_405' title='bbox 1119 4231 1182 4300; x_wconf 76' lang='lat' dir='ltr'>&amp;c</span> <span class='ocrx_word' id='word_1_406' title='bbox 1206 4230 1281 4300; x_wconf 87' lang='lat' dir='ltr'>Nec</span> <span class='ocrx_word' id='word_1_407' title='bbox 1305 4230 1385 4303; x_wconf 84' lang='lat' dir='ltr'>verb</span> <span class='ocrx_word' id='word_1_408' title='bbox 1406 4231 1476 4317; x_wconf 84' lang='lat' dir='ltr'>ulla</span> <span class='ocrx_word' id='word_1_409' title='bbox 1489 4228 1563 4291; x_wconf 72' lang='lat' dir='ltr'>bene</span> <span class='ocrx_word' id='word_1_410' title='bbox 1584 4223 1739 4286; x_wconf 72' lang='lat' dir='ltr'>habebunt·</span> 
     </span>
     <span class='ocr_line' id='line_1_43' title="bbox 257 4323 1651 4431; baseline -0.003 -28"><span class='ocrx_word' id='word_1_411' title='bbox 257 4331 311 4403; x_wconf 89' lang='lat' dir='ltr'>lilc</span> <span class='ocrx_word' id='word_1_412' title='bbox 326 4332 492 4431; x_wconf 88' lang='lat' dir='ltr'>promittit</span> <span class='ocrx_word' id='word_1_413' title='bbox 507 4333 668 4406; x_wconf 85' lang='lat' dir='ltr'>miracula</span> <span class='ocrx_word' id='word_1_414' title='bbox 682 4329 818 4403; x_wconf 86' lang='lat' dir='ltr'>terrifica</span> <span class='ocrx_word' id='word_1_415' title='bbox 832 4385 844 4417; x_wconf 94' lang='lat'>,</span> <span class='ocrx_word' id='word_1_416' title='bbox 865 4328 976 4427; x_wconf 89' lang='lat' dir='ltr'>qualia</span> <span class='ocrx_word' id='word_1_417' title='bbox 989 4327 1120 4398; x_wconf 88' lang='lat' dir='ltr'>fuerunt</span> <span class='ocrx_word' id='word_1_418' title='bbox 1131 4324 1278 4421; x_wconf 81' lang='lat' dir='ltr'>Moysis,</span> <span class='ocrx_word' id='word_1_419' title='bbox 1301 4323 1355 4399; x_wconf 90' lang='lat' dir='ltr'>sed</span> <span class='ocrx_word' id='word_1_420' title='bbox 1369 4329 1475 4400; x_wconf 88' lang='lat' dir='ltr'>lolilm</span> <span class='ocrx_word' id='word_1_421' title='bbox 1649 4334 1651 4339; x_wconf 84' lang='grc'><strong>’</strong></span> 
     </span>
     <span class='ocr_line' id='line_1_44' title="bbox 256 4420 1475 4516; baseline -0.005 -14"><span class='ocrx_word' id='word_1_422' title='bbox 256 4429 471 4502; x_wconf 86' lang='lat' dir='ltr'>beneficia&amp;</span> <span class='ocrx_word' id='word_1_423' title='bbox 495 4429 609 4516; x_wconf 91' lang='lat' dir='ltr'>utilia,</span> <span class='ocrx_word' id='word_1_424' title='bbox 635 4453 670 4499; x_wconf 92' lang='lat' dir='ltr'>ut</span> <span class='ocrx_word' id='word_1_425' title='bbox 692 4455 759 4508; x_wconf 83' lang='lat' dir='ltr'>noti</span> <span class='ocrx_word' id='word_1_426' title='bbox 786 4449 935 4511; x_wconf 89' lang='lat' dir='ltr'>terrore,</span> <span class='ocrx_word' id='word_1_427' title='bbox 956 4423 1010 4496; x_wconf 91' lang='lat' dir='ltr'>sed</span> <span class='ocrx_word' id='word_1_428' title='bbox 1036 4421 1263 4493; x_wconf 86' lang='lat' dir='ltr'>beneficientia</span> <span class='ocrx_word' id='word_1_429' title='bbox 1283 4420 1418 4495; x_wconf 87' lang='lat' dir='ltr'>salutem</span> <span class='ocrx_word' id='word_1_430' title='bbox 1433 4430 1475 4497; x_wconf 89' lang='lat' dir='ltr'>E-</span> 
     </span>
     <span class='ocr_line' id='line_1_45' title="bbox 255 4517 1478 4628; baseline -0.007 -28"><span class='ocrx_word' id='word_1_431' title='bbox 255 4528 406 4628; x_wconf 85' lang='lat' dir='ltr'>vangelii</span> <span class='ocrx_word' id='word_1_432' title='bbox 428 4529 708 4612; x_wconf 83' lang='lat' dir='ltr'>annuntiandam,</span> <span class='ocrx_word' id='word_1_433' title='bbox 734 4531 770 4597; x_wconf 79' lang='lat' dir='ltr'>dc</span> <span class='ocrx_word' id='word_1_434' title='bbox 796 4524 955 4598; x_wconf 90' lang='lat' dir='ltr'>mundum</span> <span class='ocrx_word' id='word_1_435' title='bbox 982 4523 1024 4592; x_wconf 89' lang='lat' dir='ltr'>ad</span> <span class='ocrx_word' id='word_1_436' title='bbox 1041 4517 1142 4591; x_wconf 89' lang='lat' dir='ltr'>fidein</span> <span class='ocrx_word' id='word_1_437' title='bbox 1160 4521 1354 4590; x_wconf 84' lang='lat' dir='ltr'>trahendum</span> <span class='ocrx_word' id='word_1_438' title='bbox 1381 4519 1478 4619; x_wconf 89' lang='lat' dir='ltr'>signi·</span> 
     </span>
     <span class='ocr_line' id='line_1_46' title="bbox 255 4615 1476 4780; baseline -0.007 -83"><span class='ocrx_word' id='word_1_439' title='bbox 255 4623 375 4698; x_wconf 76' lang='lat' dir='ltr'>floret.</span> <span class='ocrx_word' id='word_1_440' title='bbox 415 4629 555 4721; x_wconf 84' lang='lat' dir='ltr'>Exponit</span> <span class='ocrx_word' id='word_1_441' title='bbox 573 4625 688 4694; x_wconf 78' lang='lat' dir='ltr'>omnis</span> <span class='ocrx_word' id='word_1_442' title='bbox 707 4625 771 4694; x_wconf 77' lang='lat' dir='ltr'>bac</span> <span class='ocrx_word' id='word_1_443' title='bbox 789 4620 944 4693; x_wconf 82' lang='lat' dir='ltr'>miracula</span> <span class='ocrx_word' id='word_1_444' title='bbox 965 4615 1097 4712; x_wconf 72' lang='lat' dir='ltr'>myllicd</span> <span class='ocrx_word' id='word_1_445' title='bbox 1119 4616 1152 4687; x_wconf 87' lang='lat' dir='ltr'>S.</span> <span class='ocrx_word' id='word_1_446' title='bbox 1175 4618 1278 4780; x_wconf 84' lang='lat' dir='ltr'>Greg.</span> <span class='ocrx_word' id='word_1_447' title='bbox 1304 4618 1408 4686; x_wconf 87' lang='lat' dir='ltr'>Hom.</span> <span class='ocrx_word' id='word_1_448' title='bbox 1424 4640 1476 4703; x_wconf 88' lang='lat'>29·</span> 
     </span>
     <span class='ocr_line' id='line_1_47' title="bbox 257 4710 1478 4824; baseline -0.007 -31"><span class='ocrx_word' id='word_1_449' title='bbox 257 4723 293 4795; x_wconf 90' lang='lat' dir='ltr'>in</span> <span class='ocrx_word' id='word_1_450' title='bbox 320 4726 442 4824; x_wconf 84' lang='lat' dir='ltr'>Evang.</span> <span class='ocrx_word' id='word_1_451' title='bbox 466 4723 700 4794; x_wconf 74' lang='lat' dir='ltr'>&amp;bernardus</span> <span class='ocrx_word' id='word_1_452' title='bbox 724 4722 826 4792; x_wconf 86' lang='lat' dir='ltr'>Semi.</span> <span class='ocrx_word' id='word_1_453' title='bbox 851 4745 873 4790; x_wconf 86' lang='lat' dir='ltr'>i.</span> <span class='ocrx_word' id='word_1_454' title='bbox 892 4719 933 4790; x_wconf 91' lang='lat' dir='ltr'>de</span> <span class='ocrx_word' id='word_1_455' title='bbox 953 4711 1164 4799; x_wconf 78' lang='lat' dir='ltr'>Ascenfioiie,</span> <span class='ocrx_word' id='word_1_456' title='bbox 1186 4735 1221 4782; x_wconf 91' lang='lat' dir='ltr'>ut</span> <span class='ocrx_word' id='word_1_457' title='bbox 1265 4714 1353 4784; x_wconf 87' lang='lat' dir='ltr'>deles</span> <span class='ocrx_word' id='word_1_458' title='bbox 1371 4710 1478 4784; x_wconf 80' lang='lat' dir='ltr'>demo·</span> 
     </span>
     <span class='ocr_line' id='line_1_48' title="bbox 253 4811 1478 4910; baseline -0.01 -20"><span class='ocrx_word' id='word_1_459' title='bbox 253 4821 479 4910; x_wconf 76' lang='lat' dir='ltr'>niaeejicianr,</span> <span class='ocrx_word' id='word_1_460' title='bbox 499 4818 564 4890; x_wconf 90' lang='lat' dir='ltr'>sive</span> <span class='ocrx_word' id='word_1_461' title='bbox 586 4817 819 4900; x_wconf 84' lang='lat' dir='ltr'>exorcizando,</span> <span class='ocrx_word' id='word_1_462' title='bbox 842 4813 905 4882; x_wconf 90' lang='lat' dir='ltr'>sive</span> <span class='ocrx_word' id='word_1_463' title='bbox 914 4813 1136 4910; x_wconf 72' lang='lat' dir='ltr'>penitentiam</span> <span class='ocrx_word' id='word_1_464' title='bbox 1157 4813 1191 4879; x_wconf 87' lang='lat' dir='ltr'>in</span> <span class='ocrx_word' id='word_1_465' title='bbox 1205 4811 1304 4879; x_wconf 89' lang='lat' dir='ltr'>corde</span> <span class='ocrx_word' id='word_1_466' title='bbox 1319 4832 1478 4908; x_wconf 85' lang='lat' dir='ltr'>generari-</span> 
     </span>
    </p>
   </div>
   <div class='ocr_carea' id='block_1_5' title="bbox 258 4906 1591 5016">
    <p class='ocr_par' dir='ltr' id='par_1_14' title="bbox 258 4906 1591 5016">
     <span class='ocr_line' id='line_1_49' title="bbox 258 4906 1591 5016; baseline -0.006 -28"><span class='ocrx_word' id='word_1_467' title='bbox 258 4919 327 5004; x_wconf 92' lang='lat' dir='ltr'>do·,</span> <span class='ocrx_word' id='word_1_468' title='bbox 348 4914 463 5014; x_wconf 78' lang='lat' dir='ltr'>lingitis</span> <span class='ocrx_word' id='word_1_469' title='bbox 476 4915 648 5016; x_wconf 76' lang='lat' dir='ltr'>loquantur</span> <span class='ocrx_word' id='word_1_470' title='bbox 671 4916 783 4999; x_wconf 82' lang='lat' dir='ltr'>novis,</span> <span class='ocrx_word' id='word_1_471' title='bbox 812 4911 876 4987; x_wconf 83' lang='lat' dir='ltr'>Dei</span> <span class='ocrx_word' id='word_1_472' title='bbox 894 4911 1008 4986; x_wconf 83' lang='lat' dir='ltr'>laudes</span> <span class='ocrx_word' id='word_1_473' title='bbox 1023 4906 1227 4994; x_wconf 77' lang='lat' dir='ltr'>resonand03</span> <span class='ocrx_word' id='word_1_474' title='bbox 1244 4907 1399 5009; x_wconf 81' lang='lat' dir='ltr'>serpentes</span> <span class='ocrx_word' id='word_1_475' title='bbox 1419 4909 1480 4980; x_wconf 76' lang='lat' dir='ltr'>rol·</span> <span class='ocrx_word' id='word_1_476' title='bbox 1585 4915 1591 4922; x_wconf 84' lang='grc'><strong>’</strong></span> 
     </span>
    </p>
   </div>
   <div class='ocr_carea' id='block_1_6' title="bbox 0 0 2084 5809">
    <p class='ocr_par' dir='ltr' id='par_1_15' title="bbox 0 0 2084 5809">
     <span class='ocr_line' id='line_1_50' title="bbox 0 0 2084 5809; baseline 0 0"><span class='ocrx_word' id='word_1_477' title='bbox 0 0 2084 5809; x_wconf 95' lang='lat' dir='ltr'> </span> 
     </span>
    </p>
   </div>
  </div>
 </body>
</html>
