4159 5809
657 434 727 506 aaa
826 411 1186 490 COMMENT·
1232 413 1296 488 ΙΝ
1340 413 1737 488 EVANGELIUM

363 513 490 608 ariboni
524 521 537 594 i
553 513 631 605 qiud
655 514 772 587 somno
787 520 949 603 excitata,
966 523 1001 630 dt
1017 515 1059 583 ad
1072 509 1174 610 ipsum
1185 535 1393 626 antanasi,
1408 511 1505 634 aquo
1519 507 1636 582 itertlm
1652 509 1907 609 corporeavetsa
1994 608 1995 611 Ἴ

361 595 469 748 iri
654 605 1913 786 aazias::li,ii‘'iiriaiiririi:iia‘iriiali:

654 735 820 908 gisibrall.
844 805 896 879 Est
912 829 977 876 rot
996 731 1169 970 eruuiqpenll
1183 825 1221 873 er
1244 731 1448 876 vdieilitntia
1473 807 1621 874 irrueritis
1643 761 1748 874 subitd
1775 763 1911 878 lalitiaet

654 902 746 1004 quali
762 906 892 976 diceret.
908 904 1000 976 leand
1018 925 1081 1000 prae
1095 923 1151 970 eus
1167 903 1241 972 ades
1257 957 1268 990 ,
1286 900 1328 970 ad
1369 923 1444 969 uem
1463 921 1638 998 tantopere
1657 903 1801 974 anhelat
1821 906 1913 975 Nam

656 1002 755 1074 taleni
774 1005 841 1074 rim
860 997 967 1072 subitb
986 999 1132 1097 rapiendi
1149 1003 1292 1070 animam
1313 997 1355 1068 ba
1382 1015 1437 1068 ent
1456 993 1556 1068 rerba
1568 997 1692 1070 *Christi
1704 1055 1716 1088 ,
1730 1023 1803 1096 quae
1821 995 1912 1071 int-ils

657 1104 757 1173 etiarn
779 1103 814 1170 iii
830 1093 984 1171 cordibus
1004 1095 1161 1194 loquitur.

389 1231 441 1284 ιγ.
457 1209 633 1304 DieiteiJe-
696 1223 742 1284 ιι.
761 1200 869 1268 Dicit
889 1216 925 1266 at
944 1201 1054 1288 jusus,
1072 1191 1148 1306 otlrn
1167 1187 1320 1302 amplesti
1338 1189 1613 1312 qelletaestigia,
1635 1187 1688 1264 seu
1710 1193 1907 1304 pedesq'us,

361 1291 633 1461 &illidii
656 1317 755 1464 llil
768 1287 1910 1477 elisisti?‘illillllfi‘rlllilPsssfsslllillln:

365 1471 443 1508 eriiiri
460 1445 573 1508 ascendi
597 1449 633 1508 ad
700 1490 705 1503 .
724 1493 729 1504 ,

367 1530 478 1587 Patrem
517 1548 633 1586 meum:
657 1484 748 1558 ficilis
766 1485 812 1556 est

840 1483 998 1584 prohibiti
1022 1487 1193 1556 contaetus
1223 1515 1234 1572 3
1271 1479 1442 1580 prasertim
1460 1479 1536 1552 crlm
1557 1483 1656 1579 pauld
1674 1482 1745 1581 pbst
1763 1482 1910 1554 mulieres
2051 1485 2052 1518 ³

369 1607 440 1666 vade
472 1623 565 1666 autem
599 1605 634 1666 ad
656 1607 730 1654 eum
749 1591 930 1671 tenuerint,
951 1592 985 1658 δι
1002 1581 1176 1693 apostolis¹
1186 1579 1386 1679 palpandum
1419 1578 1502 1649 latus
1522 1577 1588 1678 ipse
1605 1578 1776 1652 obtulerit.
1799 1587 1911 1695 Augu·
2051 1655 2052 1658 ,

365 1684 464 1744 fratres
482 1704 578 1754 meos,
605 1691 635 1744 δι
658 1681 755 1752 stinus
777 1678 946 1776 significari
965 1703 1058 1776 putat
1077 1699 1179 1750 vetari
1195 1679 1383 1748 conradum
1407 1683 1504 1772 ejus,
1534 1700 1577 1748 eo
1604 1675 1693 1773 quiid
1711 1681 1859 1752 noudum
1877 1703 1912 1750 iu

364 1763 634 1911 ἒὲῑιξιίζκὲἷῦἓέἑ
658 1780 758 1848 corde
780 1777 986 1874 Magdalerire
998 1771 1184 1848 ascendisset
1205 1829 1216 1860 ,
1240 1797 1276 1842 ut
1293 1796 1367 1842 eum
1385 1775 1471 1844 Patri
1490 1773 1647 1869 aequalem
1663 1775 1724 1846 else
1744 1777 1912 1864 crederet3

367 1927 396 1980 ἃ
434 1925 542 1980 pamm
576 1922 635 1980 ves·
657 1871 711 1944 sed
726 1875 791 1946 lior
809 1873 977 1971 mysticum
999 1873 1137 1943 ridetur.
1154 1875 1364 1942 Recentiorer
1382 1869 1484 1964 aliqui
1511 1866 1633 1942 sensum
1668 1877 1805 1944 rationis
1825 1871 1913 1944 illius

366 2017 443 2060 uum
483 2031 490 2070 ς
541 2001 635 2060 Deum
658 1969 720 2044 effe
737 1971 876 2059 volunt,
891 1971 1052 2043 Nondum
1069 1973 1156 2040 enim
1177 1964 1305 2036 discedo
1326 1963 1475 2066 duobis,
1492 1963 1544 2037 sed
1563 1993 1618 2066 pet
1635 1992 1725 2040 totus
1748 1970 1816 2040 dies
1828 1995 1912 2066 qua.
2051 1987 2052 2054 ζ

368 2095 482 2152 meum,
495 2083 524 2138 ar
538 2081 636 2148 Deum
659 2069 827 2166 draginta,
844 2091 1021 2164 antequam
1038 2064 1207 2138 ascendam
1219 2060 1421 2161 amplexibus
1442 2067 1522 2135 ineis
1540 2061 1645 2136 satiari
1658 2071 1789 2166 poteris.
1808 2070 1911 2139 Ratio
2051 2077 2052 2106 ι

364 2159 499 2225 aestiuus
657 2163 765 2236 facilis
788 2223 800 2254 ‚
826 2162 879 2235 sed
898 2166 1028 2236 vetustis
1048 2168 1190 2256 ignota,
1214 2171 1247 2234 dt
1269 2157 1466 2257 plausibilior
1487 2218 1498 2250 ,
1520 2185 1652 2252 vereor,
1670 2165 1774 2260 quam
1793 2169 1913 2238 verior.

660 2259 798 2334 Resliils
811 2319 822 2350 ,
836 2285 873 2332 ιιι
892 2261 1033 2334 arbitror
1049 2256 1217 2358 Chrysost.
1236 2281 1310 2326 cum
1328 2253 1388 2326 suis
1406 2256 1591 2356 discipulis,
1609 2265 1663 2355 qui
1675 2262 1763 2333 hunc
1785 2260 1911 2334 sensum

657 2357 868 2453 exsculpunt:
884 2359 966 2433 Noli
986 2383 1040 2430 me
1057 2380 1188 2454 tangere
1204 2352 1298 2424 solita
1318 2353 1373 2424 illa
1395 2375 1450 2424 tua
1472 2357 1652 2452 corporalis
1668 2357 1837 2456 amplerds
1860 2359 1911 2429 sa-

657 2455 845 2527 miliaritate
868 2485 878 2527 ι
897 2466 965 2552 jam
993 2460 1081 2528 enim
1109 2451 1345 2522 excellentioris
1366 2447 1433 2522 stim
1454 2453 1674 2542 conditionis,
1692 2455 1789 2552 qufam
1804 2457 1912 2544 olim3

652 2553 805 2624 nundum
823 2555 911 2622 enim
926 2547 1054 2622 ascendi
1076 2549 1207 2645 quidem
1224 2549 1265 2616 ad
1285 2552 1413 2618 Patrem
1435 2571 1542 2619 meum
1563 2555 1598 2620 iii
1623 2551 1742 2636 coelos,
1760 2550 1811 2622 sed
1817 2561 1909 2648 jam·

651 2656 722 2742 jam
737 2647 934 2719 immorralis
953 2657 987 2723 dt
1009 2644 1169 2744 gloriosus
1187 2641 1367 2714 ascensurus
1385 2641 1453 2716 surii
1464 2701 1475 2734 ,
1496 2649 1584 2740 qnod
1600 2671 1632 2719 te
1652 2647 1795 2720 fratribus
1820 2653 1906 2720 meis

655 2750 838 2817 renuntiare
860 2745 951 2818 volu.
974 2744 1097 2817 Pendet
1116 2745 1203 2812 enim
1219 2745 1303 2811 ratio
1323 2741 1344 2814 i
1364 2739 1583 2839 sequentibus.
1607 2749 1723 2820 Tacite
1743 2753 1847 2845 itaque
1867 2754 1905 2818 ει

651 2839 722 2913 fine
735 2847 896 2936 jadlantiae
916 2841 1021 2938 specie
1037 2841 1156 2926 docet,
1179 2835 1269 2934 qubd
1290 2863 1358 2910 ιιοιι
1378 2836 1518 2936 amplirls
1544 2845 1632 2912 tadlu
1659 2868 1803 2942 corporis
1821 2900 1833 2933 ,
1852 2843 1909 2914 rel

652 2938 786 3010 mortali
804 2938 1000 3033 terrendique
1022 2960 1113 3008 mare
1141 2935 1397 3031 excipiendus&
1415 2936 1568 3009 colendus
1583 2937 1644 3026 fit,
1667 2937 1720 3010 sed
1740 2964 1833 3012 mure
1851 2938 1912 3039 spi·
2051 2939 2052 2950 ’

650 3036 782 3123 rituali,
802 3059 841 3104 ar
852 3035 995 3123 caelesti,
1013 3039 1126 3106 animo
1140 3033 1291 3101 videlicet
1307 3035 1341 3101 iii
1361 3032 1513 3102 celestem
1527 3041 1593 3128 ejus
1609 3038 1800 3132 dignitatem
1818 3061 1911 3110 traii-
2051 3043 2052 3046 ’

646 3129 746 3212 Διιο.
760 3139 920 3228 Qamris
940 3128 1018 3203 verb
1031 3157 1098 3202 non
1119 3126 1266 3200 absimile
1279 3124 1316 3196 sit
1331 3185 1340 3214 ‚
1355 3131 1445 3222 qnod
1458 3131 1593 3225 quidem
1607 3135 1749 3224 addunt,
1768 3145 1803 3210 dr
1817 3137 1911 3233 quod

623 3273 627 3284 ·
651 3250 720 3301 tem
738 3237 842 3326 magis
852 3227 1012 3327 explicat,
1029 3231 1169 3298 Mariam
1189 3221 1340 3296 fidentirls
1358 3229 1390 3294 iii
1411 3224 1496 3320 ipsos
1516 3253 1582 3298 ιιοιι
1600 3231 1740 3326 pedum,
1762 3229 1814 3304 sed
1836 3257 1910 3302 ror.

650 3329 741 3424 puris
758 3328 928 3423 amplexus
944 3321 1081 3412 irruisse,
1101 3346 1250 3422 agentem
1277 3345 1444 3417 tamquam
1466 3325 1638 3396 mortalem
1655 3351 1728 3398 cum
1752 3329 1907 3417 mortali,

647 3421 759 3518 qualis
776 3423 874 3495 staret
892 3431 958 3520 ejus
975 3427 1115 3496 Lazarus
1134 3418 1351 3490 resurrexerat.
1373 3423 1452 3491 Hoc
1471 3425 1580 3516 itaque
1589 3423 1816 3522 compescuisse
1834 3433 1914 3497 Du·
2051 3445 2052 3460 ¹

652 3522 799 3609 minum,
817 3544 859 3590 eo
871 3519 994 3606 modo,
1011 3543 1080 3613 qao
1097 3519 1256 3604 diximus,
1273 3515 1414 3612 idrdque
1431 3516 1611 3590 <leniorem
1630 3521 1730 3618 paulb
1749 3523 1818 3620 pbll
1831 3549 1907 3596 cuin

648 3621 774 3685 eaeteris
797 3611 984 3685 mulieribus
1003 3614 1098 3710 pedes
1122 3621 1189 3706 ejus
1208 3611 1353 3684 tenuisse.
1389 3620 1645 3687 Vaauaiirrir
1680 3643 1728 3691 au
1755 3645 1908 3694 sannas
2051 3657 2052 3702 ι

651 3734 742 3782 artos
758 3766 770 3797 ,
786 3705 982 3810 discipulnst
1005 3733 1088 3804 quos
1106 3735 1174 3780 non
1198 3707 1408 3780 confunditur
1426 3715 1544 3782 Fratres
1555 3719 1697 3804 vacare,
1716 3741 1752 3788 ut
1765 3724 1810 3789 ira
1826 3717 1913 3789 sola.
2051 3731 2052 3778 i

647 3831 738 3887 ¹retur
757 3807 1053 3905 pusillanimitatem
1067 3827 1197 3894 eorum,
1221 3811 1277 3900 qui
1299 3830 1373 3876 eum
1392 3803 1593 3880 deseruerant
1612 3839 1620 3882 t
1640 3818 1687 3884 Er
1710 3841 1732 3885 ιι
1744 3843 1754 3888 ι
1767 3843 1790 3886 c
1813 3841 1908 3889 urst

651 3910 815 3978 Ascsuao
844 3932 893 3978 au
918 3905 1064 3976 Parnasi
1093 3927 1209 3990 naara,
1226 3904 1258 3971 id
1279 3903 1340 3989 est,
1360 3910 1508 3977 renuntia
1524 3911 1568 3975 eis
1588 3933 1717 3981 menon
1735 3909 1845 3983 solilm
1857 3937 1911 3983 re.
2051 3917 2052 3936 l

648 3999 833 4090 surrexisse,
847 4000 898 4072 sed
912 4000 1005 4071 fimul
1013 4025 1066 4070 me
1083 3996 1175 4070 brevl
1185 3996 1385 4071 ascensurum
1398 4007 1430 4071 iii
1449 4002 1588 4099 gloriam
1601 4010 1701 4076 Patris
1713 4015 1789 4082 mei.
1801 4015 1914 4083 Nem·
2051 4021 2052 4038 ¹

650 4123 693 4196 pe
712 4124 748 4171 ut
766 4097 809 4171 sic
834 4121 924 4171 ment
945 4095 1176 4190 Apostolorum
1202 4121 1270 4168 nuri
1289 4093 1425 4186 minsis,
1453 4125 1552 4193 quam
1577 4103 1779 4201 Magdalenae
1804 4106 1912 4204 parili)

650 4195 728 4267 autb
743 4253 756 4283 5
773 4196 814 4267 ad
833 4193 1054 4267 immortalem
1068 4191 1213 4288 talisque
1228 4193 1360 4291 dignam
1380 4191 1663 4288 resuitedlionem,
1681 4223 1780 4298 atque
1798 4205 1913 4276 excel.

615 4349 620 4360 .
645 4287 784 4368 lentiam
801 4293 1012 4388 cogitandam
1029 4291 1257 4362 transferretur
1277 4316 1324 4363 riu
1347 4297 1497 4364 Parnasi
1527 4320 1655 4382 iarum,
1686 4324 1726 4369 rr
1750 4305 1913 4376 Pirama
2051 4319 2052 4384 ζ

644 4412 820 4462 uastauit.
842 4393 923 4462 Non
937 4389 1038 4476 dicit,
1057 4387 1103 4456 ad
1122 4385 1417 4474 reinmarum,
1438 4415 1479 4460 eo
1493 4390 1580 4484 qudi
1601 4395 1663 4465 alia
1684 4403 1814 4468 tatione
1830 4397 1914 4472 esset
2051 4425 2052 4442 ³

648 4487 745 4557 Paret
759 4487 902 4574 Christi,
921 4486 984 4557 aiii
1003 4482 1168 4583 ipsorum:
1187 4484 1308 4556 Christi
1330 4487 1461 4582 quidem
1477 4491 1613 4576 naturl,
1634 4487 1775 4588 ipsorum
1796 4497 1911 4593 adop-

648 4585 803 4671 tione,ut
821 4583 954 4681 August.
973 4592 1007 4655 &
1025 4581 1172 4677 plerique
1187 4603 1332 4653 veterum
1351 4603 1489 4672 notant,
1516 4585 1656 4683 idrbque
1676 4613 1713 4658 ex
1736 4589 1908 4690 prasentia

647 4677 718 4774 fiiij
735 4679 888 4751 naturalis
907 4679 994 4776 apud
1006 4683 1152 4766 Patrem,
1168 4676 1398 4750 vivacissimam
1418 4679 1504 4779 spem
1521 4692 1741 4781 conciperent.
1758 4695 1905 4764 ‚Druar

648 4800 802 4863 uiuit,
819 4775 913 4872 ipsius
935 4777 1113 4846 divinitatis
1133 4784 1200 4873 ejus
1218 4779 1470 4868 conjunctione,
1503 4803 1543 4850 ar
1576 4786 1680 4854 Diuia
1715 4811 1897 4873 narrauit,

647 4870 747 4945 solius
768 4880 878 4970 gratia
899 4876 1131 4971 impertitione.
1149 4877 1239 4946 Nam
1258 4897 1331 4944 euni
1359 4880 1447 4947 Deus
1468 4873 1653 4972 aliquorum
1673 4880 1737 4954 else
1756 4887 1893 4969 diciuir,

644 4967 808 5069 respedlus
819 4970 956 5043 liabetur
968 4970 1010 5038 ad
1026 4966 1216 5066 singularem
1226 4979 1293 5062 ejus
1310 4969 1479 5069 ergaipsos
1498 4976 1747 5070 providentiam.
1847 4973 1850 4978 ¹

402 5079 449 5154 aa
464 5069 550 5142 venit
564 5067 629 5148 Ma:
712 5074 757 5162 ιβ.
779 5075 893 5153 irim
920 5071 1057 5154 Mania
1085 5069 1335 5164 Masuriana,
1359 5065 1499 5177 secunda
1522 5067 1652 5178 scilicet.
1680 5081 1771 5158 Nam
1788 5079 1904 5181 ptime
