4159 5809
633 271 692 338 370
828 237 1135 314 contuntur.
1183 239 1236 312 m
1272 239 1658 316 tvlncrtruu

389 391 438 445 5²·
467 361 545 424 No„
566 361 613 419 iu·
683 369 724 439 52.
742 344 829 418 Non
852 363 945 411 attunt
974 357 1264 411 rrrrrttrxrnurrr
1290 360 1336 406 ou
1362 361 1528 418 rattruut,
1555 340 1592 410 id
1608 337 1671 420 eli,
1707 333 1856 413 miracul

358 451 531 520 tellexeruot
556 439 592 498 de
632 448 702 522 {mn
724 465 832 514 recens
859 437 985 508 editum
1008 436 1052 505 de
1070 433 1206 536 panibus
1225 434 1475 533 multiplicarit,
1512 432 1681 507 nonsatis
1706 433 1857 507 confide·

359 527 496 623 panibus:
511 537 615 577 ‘¹³²⁶‘
634 562 780 616 rarerant
806 558 862 609 aut
881 556 1103 632 perceperant.
1127 533 1228 630 Qud
1256 528 1547 618 suintellerill'enr,
1575 555 1614 604 ut
1633 534 1750 620 decer,
1779 531 1856 606 <itm

342 613 614 746 ·anaeidt¹uoi⁰mm
634 637 706 713 ell'et
726 635 825 738 longi
845 633 1036 720 sublimius,
1060 630 1170 702 minuis
1185 629 1414 730 obstupuilsent
1434 627 1695 704 ambulationem
1721 635 1789 718 ejus
1804 629 1857 702 sn-

358 712 377 750 ⁰
397 785 439 839 ,p
468 767 501 818 ει
530 723 595 818 irim
632 762 689 838 per
713 759 826 818 mare,
852 753 887 802 ut
952 749 985 803 te
1004 730 1071 818 iam
1099 725 1261 815 scientes,
1286 729 1373 813 nihil
1397 732 1466 821 ejrre
1491 730 1610 799 divine
1638 731 1855 826 omnipoten-

356 833 598 906 transfretassent,
633 840 683 910 rie
704 833 764 904 elle
778 827 909 928 impolsr
933 829 986 900 ile.
1010 829 1218 898 Enarttttrr
1243 850 1312 898 cort
1337 849 1462 899 tortura
1473 847 1714 911 nicaeorum,
1741 825 1854 912 idest,

360 937 495 982 venerunt
510 919 540 976 ³¹²
552 930 612 973 ‘⁶¹‘
631 931 770 1006 tenebris
790 924 981 1028 quibusdam
996 922 1214 995 obscurarunt.
1239 921 1449 1024 Qofiebat‚
1470 946 1505 994 ut
1527 923 1676 994 divinam
1688 924 1850 993 virtutem

358 989 611 1136 {mfe‘ffcsffih'
631 1040 665 1101 dt
681 1021 880 1118 majestatem
905 1027 1005 1094 eriam
1034 1017 1344 1104 inmanifestiffimt‘s
1370 1019 1520 1119 operibor
1533 1043 1600 1091 non
1628 1020 1852 1120 intelligerent

358 1173 423 1214 runt
438 1092 473 1151 pp
630 1152 689 1198 nec
718 1124 875 1195 miracula
907 1119 1134 1219 expenderent.
1168 1115 1267 1190 Nihil
1293 1123 1382 1189 enim
1404 1120 1494 1204 juvar
1520 1118 1582 1188 hoc
1601 1117 1706 1188 oculis
1735 1138 1852 1215 corpo-

391 1255 442 1305 5⁴-
467 1231 597 1304 eumque
632 1225 694 1296 teis
713 1223 831 1292 intueri
846 1269 858 1302 ,
886 1215 944 1287 nifi
976 1219 1067 1286 Deus
1100 1237 1246 1286 mentem
1274 1212 1327 1285 sua
1357 1216 1431 1285 luce
1466 1213 1711 1286 collustraverir.
1751 1213 1852 1290 Unde

358 1305 460 1400 egressu
478 1303 565 1396 ’ΠΨ
577 1303 611 1362 ‘¹⁸
630 1319 751 1391 coelunt
777 1323 911 1387 &terra
932 1311 1180 1412 supramodum
1198 1312 1364 1385 mirabilia
1384 1311 1468 1399 Dei,
1492 1335 1589 1409 opera
1605 1309 1708 1383 surdis
1731 1313 1769 1380 δι
1781 1335 1851 1381 cre·

356 1401 588 1544 ξὲἑῑῃοςνζᾞο
632 1419 677 1488 cis
705 1415 879 1514 loquuntur
905 1409 1102 1498 majestatem
1126 1411 1216 1494 Dei,
1249 1408 1309 1480 nisi
1334 1407 1401 1508 ipse
1422 1411 1531 1482 cordis
1555 1407 1669 1481 oculos
1711 1413 1747 1477 ὅ(
1759 1431 1851 1478 aures

359 1561 441 1600 eum:
486 1553 496 1568 =
631 1531 811 1611 aperuerrr,
829 1506 975 1580 &altitis
999 1505 1148 1578 misertus
1174 1505 1294 1594 fuerit;
1315 1509 1356 1577 de
1382 1530 1451 1604 quo
1481 1506 1613 1700 Anqust.
1634 1527 1681 1578 ιο.
1708 1500 1850 1577 confes.

381 1638 437 1691 tr.
453 1619 488 1676 Et
500 1637 615 1696 percur-
632 1635 701 1709 cap.
722 1617 753 1682 6.
783 1611 823 1677 de
842 1603 903 1675 hoc
929 1625 1050 1702 panum
1070 1603 1231 1674 miraculo
1253 1606 1431 1675 dicendum
1450 1604 1512 1674 erit
1557 1629 1631 1675 oan.
1652 1608 1685 1668 6.

358 1715 581 1852 idrbtersegbdbveid
598 1773 696 1836 illam,
718 1783 866 1850 eruperunt
884 1766 914 1824 in
936 1764 1063 1848 grabatis
1084 1780 1157 1828 eoa,
1186 1766 1240 1844 qui
1260 1759 1287 1822 se
1308 1766 1382 1828 mali
1398 1764 1558 1832 habebant,
1580 1757 1784 1826 circumferre,
1801 1761 1854 1819 ubi

353 1847 696 2008 'mitiibiibtqbldbuenique
724 1925 862 1985 introibat
883 1923 913 1980 in
931 1919 1032 1981 ricus,
1055 1921 1101 1980 tel
1115 1919 1146 1976 in
1171 1917 1254 1978 villas
1273 1899 1322 1984 dut
1340 1925 1499 1988 civitates,
1530 1923 1560 1982 in
1574 1919 1678 2000 plateit
1708 1915 1851 1996 ponebant

357 2006 515 2071 infirmor,
538 2013 566 2067 br
581 2007 798 2084 deprecabantur
815 2023 899 2067 eum,
919 2020 950 2062 ut
978 2000 1025 2060 rel
1052 1997 1195 2060 fimbriam
1233 1999 1398 2064 vestimenti
1423 2003 1483 2079 ejus
1511 2015 1680 2084 tangerent:
1705 2011 1852 2080 quotquot

273 2123 276 2134 ·
357 2086 510 2166 tangebant
528 2105 608 2152 eum,
630 2084 699 2144 salui
722 2081 839 2144 fiebant.

881 2366 912 2437 C
946 2369 973 2440 A
1008 2371 1034 2440 P
1074 2377 1105 2445 U
1136 2375 1169 2446 T
1227 2377 1332 2446 v11.

393 2585 422 2626 ι.
451 2569 485 2626 Et
505 2567 679 2624 conveniunt
701 2563 733 2621 ad
758 2583 820 2620 eum
840 2557 972 2621 Pharisei
990 2569 1017 2622 δι
1049 2564 1143 2624 uidam
1167 2564 1204 2624 ele
1223 2564 1335 2624 Scribis
1357 2564 1503 2628 uenientes
1524 2567 1561 2626 ab
1576 2559 1783 2650 lerosolymir.

386 2660 414 2706 t.
432 2645 546 2706 Etcum
566 2639 699 2700 ridilsent
716 2640 853 2719 quosdam
866 2657 901 2696 ex
921 2581 1071 2720 discipuiis
1085 2640 1167 2721 ejus.
1186 2641 1546 2712 colnmuuibusrnanibus,
1565 2645 1596 2704 id
1609 2641 1676 2708 est,
1698 2659 1758 2699 nou
1779 2637 1853 2698 lotia

354 2723 519 2784 manducare
549 2740 662 2800 pauet,
692 2721 933 2797 vituperaverunt.
1152 2785 1161 2809 ί
1346 2721 1351 2728 ’

387 2819 414 2877 3.
435 2798 568 2862 ‚l'harisei
592 2803 686 2863 enim,
717 2805 743 2856 dt
763 2815 861 2855 ornnes
877 2795 993 2874 judei,
1020 2799 1074 2859 hid
1093 2800 1193 2861 crebro
1216 2799 1339 2862 laverint
1371 2819 1491 2868 nunus.
1522 2819 1582 2862 non
1610 2794 1779 2858 manducant
1802 2812 1853 2854 te-

354 2899 453 2941 nentes
472 2877 656 2939 traditionem
679 2874 839 2936 seniorum:

399 2985 429 3023 a.
453 2957 513 3016 brai
536 2952 603 3016 foro
619 2954 671 3016 nih
691 2953 888 3032 baptizentur,
913 2973 971 3016 uon
991 2955 1166 3018 comedumt
1191 2955 1283 3018 &alia
1304 2956 1393 3017 multa
1414 2955 1498 3024 sunt.
1525 2977 1589 3036 quar
1613 2954 1716 3016 tradita
1733 2950 1853 3012 suntil-

353 3037 391 3096 lis
404 3035 533 3099 serrare,
553 3033 721 3113 baptismata
743 3031 863 3092 calicum
880 3071 888 3098 ‚
913 3041 940 3092 δι
951 3053 1120 3102 urceorum,
1148 3044 1175 3097 δι
1186 3052 1423 3103 aramentorurn,
1447 3042 1475 3095 dt
1485 3037 1646 3098 leborum:

353 3175 358 3182 ,
391 3137 417 3189 ς.
439 3110 472 3173 Er
487 3111 699 3192 interrogabant
715 3126 778 3168 eum
797 3109 929 3172 Pharisaei
955 3113 1121 3176 &Scribat
1145 3117 1243 3200 Qare
1264 3110 1400 3188 discipuli
1417 3116 1460 3174 rui
1474 3133 1532 3176 uon
1543 3113 1686 3179 ambolant
1696 3116 1778 3190 juxta
1789 3127 1852 3169 tra·

355 3191 498 3252 ditionem
512 3189 672 3262 sotiorum,
703 3187 748 3247 sed
770 3191 967 3251 communibus
988 3191 1116 3252 manibus
1134 3187 1304 3250 manduoant
1320 3207 1438 3266 panemt

382 3281 412 3328 ό.
441 3273 481 3329 ht
498 3269 547 3328 ille
567 3265 736 3342 respondent
765 3265 842 3337 ditir
860 3271 923 3328 eise
953 3269 1028 3331 Bene
1049 3269 1233 3350 prophetarit
1259 3265 1393 3328 lsaiarde
1408 3269 1521 3330 tobith
1544 3265 1853 3351 poerititrficurscri-

353 3348 502 3430 prumtll:
527 3345 651 3424 Populus
676 3346 724 3406 hic
745 3345 827 3406 labiis
851 3366 895 3406 me
913 3346 1054 3416 honorat,
1077 3366 1128 3408 cor
1148 3364 1243 3406 autern
1263 3360 1360 3403 eorum
1385 3349 1504 3428 longer
1547 3351 1635 3414 ime.

386 3451 419 3500 7.
444 3425 484 3487 ln,
499 3441 601 3487 tanum
622 3441 714 3496 autern
731 3441 776 3486 rne
796 3423 914 3490 eolrtnr,
934 3421 1070 3483 docentes
1091 3425 1235 3486 doctrinas
1254 3427 1282 3484 bt
1296 3439 1432 3503 pra-‘cepta
1454 3426 1617 3488 hominurn.

380 3515 410 3568 t.
431 3500 520 3563 Relin
542 3521 639 3562 uenter
660 3505 736 3562 enirn
755 3501 917 3566 mandatum
942 3504 1022 3567 Dei,
1038 3507 1143 3563 tenetis
1157 3499 1345 3562 traditionem
1363 3501 1535 3572 hominum,
1560 3502 1729 3586 baptismata
1744 3523 1851 3565 urceo·

231 3606 234 3614 ’
354 3603 436 3648 runt,
459 3525 640 3647 &cilicumt
665 3581 756 3651 &alia
777 3580 879 3643 hunilla
902 3575 948 3640 iria
971 3575 1068 3639 facitis
1088 3581 1189 3644 multa.

388 3685 419 3752 q.
440 3661 472 3720 Et
492 3657 604 3718 dicebat
620 3655 705 3738 illisr,
737 3661 812 3718 iletre
835 3659 948 3720 irritum
967 3653 1065 3718 facim
1089 3676 1261 3740 preceptum
1284 3661 1364 3721 Deir
1384 3677 1417 3719 nt
1438 3661 1627 3723 traditionem
1645 3661 1767 3722 vestram
1785 3657 1849 3720 ser-

352 3759 436 3801 tetre.

390 3833 438 3880 to.
457 3813 574 3900 Moyses
590 3816 667 3878 euim
686 3814 785 3881 dixit:
805 3817 925 3878 Honora
944 3833 1051 3897 patrem
1069 3830 1168 3882 tuum,
1187 3821 1216 3876 br
1231 3833 1350 3876 matrem
1366 3834 1454 3882 tuam.
1473 3821 1509 3881 Et
1526 3819 1579 3900 qui
1599 3815 1784 3878 maledixerit
1796 3833 1849 3894 pa·

353 3898 393 3958 tri
419 3893 465 3955 rel
484 3893 591 3960 matri,
614 3907 708 3954 morte
728 3897 877 3958 moriatur.
1636 3915 1640 3926 ·

378 3995 426 4036 ιι.
446 3979 506 4033 Vos
529 3983 623 4032 aurern
639 3971 758 4034 dicitis:
782 3977 813 4035 st
836 3971 944 4036 dixerit
964 3969 1055 4036 bomo
1084 3973 1159 4052 patri
1181 3990 1230 4034 aut
1251 3972 1355 4041 marri,
1380 3973 1516 4040 etthan,
1542 3970 1623 4054 quod
1645 3971 1688 4032 eli
1711 3971 1845 4041 donum.

353 4053 554 4132 quodcumque
572 4068 607 4110 ex
633 4069 700 4115 me,
722 4053 778 4113 tihi
802 4051 953 4132 profuerit:
1527 4073 1533 4088 ’

391 4146 435 4190 ra.
451 4132 487 4187 Et
503 4127 577 4188 ultra
592 4147 651 4189 non
680 4126 832 4191 dimittitis
849 4150 913 4189 eum
934 4129 1093 4212 quidquam
1115 4127 1207 4191 faeere
1226 4132 1300 4209 parri
1318 4133 1369 4190 suo
1385 4130 1548 4196 autmatri.

384 4225 428 4281 ις.
461 4204 670 4278 Rescindentea
696 4209 812 4270 verbum
843 4211 900 4269 Dei
919 4228 970 4288 ptr
992 4209 1178 4283 traditionem
1197 4205 1341 4290 vestram,
1371 4225 1457 4288 quarn
1475 4205 1659 4276 tradidistis,
1695 4217 1724 4272 bt
1740 4209 1846 4274 finilia

350 4283 516 4362 hujulinodi
538 4285 627 4349 multa
649 4281 757 4356 facitis.
1335 4311 1347 4325 ·

381 4386 438 4435 aa.
461 4366 496 4424 Et
514 4361 656 4428 advocans
677 4363 780 4424 iterum
800 4361 909 4424 turbam
931 4361 1044 4426 dicebat
1063 4365 1143 4428 illisa
1168 4361 1278 4426 Audite
1300 4381 1348 4423 me
1368 4379 1490 4430 omnet,
1515 4369 1542 4423 ut
1555 4365 1724 4449 intelligite.

383 4441 534 4518 15.Nihil
554 4439 595 4500 est
613 4455 695 4520 extra
714 4441 861 4502 hominem
883 4443 1021 4504 introiens
1038 4447 1070 4506 in
1082 4462 1169 4513 eum,
1194 4438 1273 4522 quod
1294 4441 1378 4520 poffit
1398 4457 1462 4501 eum
1481 4445 1689 4532 coinquinare,
1707 4445 1756 4511 sed
1778 4467 1844 4531 quat

350 4519 387 4580 de
404 4521 521 4580 homine
539 4519 717 4594 proteritur,
737 4517 788 4580 illa
805 4519 867 4580 sunt
883 4537 947 4657 qu:
961 4523 1171 4586 communicant
1195 4519 1354 4586 hominem.

387 4613 430 4658 ιε.
451 4597 562 4677 siquis
584 4597 763 4657 hebetantes
781 4599 893 4661 audien.
906 4603 914 4658 i
927 4637 936 4666 ,
957 4601 1065 4672 audiat,

383 4693 431 4744 ιγ.
445 4679 494 4737 *Er
507 4671 573 4762 etlrn
592 4671 735 4737 introisset
759 4681 790 4737 in
812 4677 928 4738 domurn
949 4678 1085 4747 intuba,
1108 4678 1323 4760 interrogabant
1344 4698 1410 4741 eum
1427 4674 1563 4757 discipuli
1583 4683 1642 4758 elur
1665 4684 1841 4763 parabolam.

383 4753 531 4841 inierit
550 4749 628 4809 rllisr
652 4755 702 4813 Sic
724 4766 752 4819 tr
769 4776 820 4818 rot
841 4757 1033 4835 imprudentes
1049 4758 1141 4820 ellit?
1167 4760 1241 4820 Nou
1260 4753 1454 4840 intelligitis,
1476 4759 1544 4840 quia
1558 4777 1644 4821 omne
1665 4761 1845 4824 extrinsecae

354 4834 494 4894 introiens
511 4823 696 4920 inhominem
714 4857 771 4898 non
784 4831 877 4918 potest
890 4853 954 4896 enrn
978 4841 1204 4899 communicare:
1800 4872 1812 4890 a
1848 4898 1852 4904 ,

384 4931 432 4982 19·
457 4911 536 5054 Ψ
553 4921 612 4966 non
634 4909 722 4980 intrat
742 4917 771 4984 in
788 4937 838 4982 tor
863 4927 943 4995 ejus,
960 4915 1056 4983 sedin
1079 4916 1324 4986 tennenwile,
1343 4921 1372 4981 δι
1384 4918 1415 4982 in
1435 4909 1570 4980 secelir'rrn
1582 4920 1673 4990 etit,
1713 4935 1840 5006 purgant

348 5005 448 5056 omnes
466 5009 481 5050 e
496 5000 561 5056 tart
